<collection xmlns="info:lc/xmlns/marcxchange-v1">
<record format="UNIMARC" type="Authority">
  <leader>00822cx  d2200193   4500</leader>
  <controlfield tag="001">FRBNF138761797</controlfield>
  <controlfield tag="003">http://catalogue.bnf.fr/ark:/12148/cb13876179d</controlfield>
  <controlfield tag="005">20060921</controlfield>
  <datafield tag="100" ind1=" " ind2=" ">
    <subfield code="a">19890601afrey50      ba0</subfield>
  </datafield>
  <datafield tag="102" ind1=" " ind2=" ">
    <subfield code="a">XX</subfield>
  </datafield>
  <datafield tag="106" ind1=" " ind2=" ">
    <subfield code="a">1</subfield>
  </datafield>
  <datafield tag="126" ind1=" " ind2=" ">
    <subfield code="a">2</subfield>
  </datafield>
  <datafield tag="152" ind1=" " ind2=" ">
    <subfield code="c">2</subfield>
  </datafield>
  <datafield tag="216" ind1=" " ind2=" ">
    <subfield code="7">ba0yba0y</subfield>
    <subfield code="8">fre   </subfield>
    <subfield code="a">Livraphone</subfield>
  </datafield>
  <datafield tag="300" ind1="0" ind2=" ">
    <subfield code="a">Marque phonographique d&apos;oeuvres littéraires. - Livraphone et Livraphone vox libri sont les deux formes du label des éditions Livraphone. - Suppression de Livraphone vox libri en 2002. Livraphone reste donc la seule forme de cette marque</subfield>
  </datafield>
  <datafield tag="416" ind1=" " ind2=" ">
    <subfield code="7">ba0yba0y</subfield>
    <subfield code="8">fre   </subfield>
    <subfield code="a">Livraphone éditions</subfield>
  </datafield>
  <datafield tag="510" ind1=" " ind2=" ">
    <subfield code="5">z</subfield>
    <subfield code="0">Est distribué par : </subfield>
    <subfield code="3">14001460</subfield>
    <subfield code="7">ba0yba0y</subfield>
    <subfield code="8">fre   </subfield>
    <subfield code="9">20 </subfield>
    <subfield code="a">Société d&apos;édition Les belles-lettres</subfield>
  </datafield>
  <datafield tag="516" ind1=" " ind2=" ">
    <subfield code="5">z</subfield>
    <subfield code="0">Voir aussi</subfield>
    <subfield code="3">14039058</subfield>
    <subfield code="a">Livraphone vox libri</subfield>
  </datafield>
  <datafield tag="801" ind1=" " ind2=" ">
    <subfield code="a">FR</subfield>
    <subfield code="b">FR-751131015</subfield>
    <subfield code="c">20060921</subfield>
  </datafield>
</record>