
<record format="UNIMARC" type="Authority">
  <leader>00336nx  a22001453  4500</leader>
  <controlfield tag="001">FRBNF114472535</controlfield>
  <controlfield tag="003">http://catalogue.bnf.fr/ark:/12148/cb11447253n</controlfield>
  <datafield tag="100" ind1=" " ind2=" ">
    <subfield code="a">19970701cfrey50      ba0</subfield>
  </datafield>
  <datafield tag="101" ind1=" " ind2=" ">
    <subfield code="a">und</subfield>
  </datafield>
  <datafield tag="102" ind1=" " ind2=" ">
    <subfield code="a">XX</subfield>
  </datafield>
  <datafield tag="105" ind1=" " ind2=" ">
    <subfield code="a">a</subfield>
  </datafield>
  <datafield tag="106" ind1=" " ind2=" ">
    <subfield code="a">1</subfield>
  </datafield>
  <datafield tag="152" ind1=" " ind2=" ">
    <subfield code="c">2</subfield>
  </datafield>
  <datafield tag="200" ind1=" " ind2=" ">
    <subfield code="7">ba0yba0y</subfield>
    <subfield code="8">fre   </subfield>
    <subfield code="a">Faivre</subfield>
    <subfield code="b">Tony</subfield>
  </datafield>
  <datafield tag="801" ind1=" " ind2=" ">
    <subfield code="a">FR</subfield>
    <subfield code="b">FR-751131015</subfield>
    <subfield code="c">19970701</subfield>
  </datafield>
</record>