
<record format="UNIMARC" type="Authority">
  <leader>01119cx  d2200277   4500</leader>
  <controlfield tag="001">FRBNF138766730</controlfield>
  <controlfield tag="003">http://catalogue.bnf.fr/ark:/12148/cb13876673q</controlfield>
  <controlfield tag="005">20210628</controlfield>
  <datafield tag="039" ind1=" " ind2=" ">
    <subfield code="o">OPP</subfield>
    <subfield code="a">14272798</subfield>
    <subfield code="d">20090306</subfield>
  </datafield>
  <datafield tag="039" ind1=" " ind2=" ">
    <subfield code="o">OPP</subfield>
    <subfield code="a">13853956</subfield>
    <subfield code="d">20090306</subfield>
  </datafield>
  <datafield tag="100" ind1=" " ind2=" ">
    <subfield code="a">19890601afrey50      ba0</subfield>
  </datafield>
  <datafield tag="102" ind1=" " ind2=" ">
    <subfield code="a">US</subfield>
  </datafield>
  <datafield tag="103" ind1=" " ind2=" ">
    <subfield code="a"> 19640214</subfield>
  </datafield>
  <datafield tag="106" ind1=" " ind2=" ">
    <subfield code="a">1</subfield>
  </datafield>
  <datafield tag="126" ind1=" " ind2=" ">
    <subfield code="a">2</subfield>
  </datafield>
  <datafield tag="152" ind1=" " ind2=" ">
    <subfield code="c">2</subfield>
  </datafield>
  <datafield tag="216" ind1=" " ind2=" ">
    <subfield code="7">ba0yba0y</subfield>
    <subfield code="8">fre   </subfield>
    <subfield code="a">Nonesuch</subfield>
  </datafield>
  <datafield tag="300" ind1="0" ind2=" ">
    <subfield code="a">Marque phonographique créée par Jac Holzman</subfield>
  </datafield>
  <datafield tag="300" ind1="0" ind2=" ">
    <subfield code="a">Édité par Nonesuch records, 1290 Ave of the Americas, New York, NY 10104, USA</subfield>
  </datafield>
  <datafield tag="300" ind1="0" ind2=" ">
    <subfield code="a">Distribuée en France par Warner music France (en 1968 )</subfield>
  </datafield>
  <datafield tag="500" ind1=" " ind2=" ">
    <subfield code="5">h</subfield>
    <subfield code="0">Créée par :</subfield>
    <subfield code="3">16570436</subfield>
    <subfield code="7">ba0yba0y</subfield>
    <subfield code="8">fre   </subfield>
    <subfield code="9"> 0 </subfield>
    <subfield code="a">Holzman</subfield>
    <subfield code="b">Jac</subfield>
    <subfield code="f">1931-....</subfield>
  </datafield>
  <datafield tag="510" ind1=" " ind2=" ">
    <subfield code="5">z</subfield>
    <subfield code="0">Est édité par : </subfield>
    <subfield code="3">13956223</subfield>
    <subfield code="7">ba0yba0y</subfield>
    <subfield code="8">fre   </subfield>
    <subfield code="9">20 </subfield>
    <subfield code="a">Warner Bros Records Inc</subfield>
  </datafield>
  <datafield tag="516" ind1=" " ind2=" ">
    <subfield code="5">z</subfield>
    <subfield code="0">Voir aussi : 1987-1995</subfield>
    <subfield code="3">13875245</subfield>
    <subfield code="7">ba0yba0y</subfield>
    <subfield code="8">fre   </subfield>
    <subfield code="a">Elektra-Nonesuch</subfield>
  </datafield>
  <datafield tag="801" ind1=" " ind2=" ">
    <subfield code="a">FR</subfield>
    <subfield code="b">FR-751131015</subfield>
    <subfield code="c">20210628</subfield>
  </datafield>
  <datafield tag="810" ind1=" " ind2=" ">
    <subfield code="a">Rate your music - https://rateyourmusic.com/label/nonesuch_records (2020-12-31)</subfield>
  </datafield>
  <datafield tag="856" ind1=" " ind2=" ">
    <subfield code="u">https://rateyourmusic.com/label/nonesuch_records/</subfield>
    <subfield code="e">2020-12-31</subfield>
  </datafield>
</record>