
<record format="UNIMARC" type="Authority">
  <leader>00355cx  j2200133   4500</leader>
  <controlfield tag="001">FRBNF119628415</controlfield>
  <controlfield tag="003">http://catalogue.bnf.fr/ark:/12148/cb11962841c</controlfield>
  <controlfield tag="005">19890712</controlfield>
  <datafield tag="039" ind1=" " ind2=" ">
    <subfield code="o">OPL</subfield>
    <subfield code="a">001937595</subfield>
  </datafield>
  <datafield tag="100" ind1=" " ind2=" ">
    <subfield code="a">19840430afrey50      ba0</subfield>
  </datafield>
  <datafield tag="106" ind1=" " ind2=" ">
    <subfield code="a">210</subfield>
  </datafield>
  <datafield tag="152" ind1=" " ind2=" ">
    <subfield code="b">rameau</subfield>
    <subfield code="c">2</subfield>
  </datafield>
  <datafield tag="200" ind1=" " ind2=" ">
    <subfield code="7">ba0yba0y</subfield>
    <subfield code="8">fre   </subfield>
    <subfield code="a">Dracula</subfield>
    <subfield code="c">personnage fictif</subfield>
  </datafield>
  <datafield tag="801" ind1=" " ind2=" ">
    <subfield code="a">FR</subfield>
    <subfield code="b">FR-751131015</subfield>
    <subfield code="c">19890712</subfield>
  </datafield>
</record>