
<record format="UNIMARC" type="Authority">
  <leader>03786cx  j2200625   4500</leader>
  <controlfield tag="001">FRBNF119365081</controlfield>
  <controlfield tag="003">http://catalogue.bnf.fr/ark:/12148/cb119365082</controlfield>
  <controlfield tag="005">20200626</controlfield>
  <datafield tag="039" ind1=" " ind2=" ">
    <subfield code="o">OPL</subfield>
    <subfield code="a">001582906</subfield>
  </datafield>
  <datafield tag="100" ind1=" " ind2=" ">
    <subfield code="a">19810522afrey50      ba0</subfield>
  </datafield>
  <datafield tag="106" ind1=" " ind2=" ">
    <subfield code="a">210</subfield>
  </datafield>
  <datafield tag="152" ind1=" " ind2=" ">
    <subfield code="b">rameau</subfield>
    <subfield code="c">2</subfield>
  </datafield>
  <datafield tag="250" ind1=" " ind2=" ">
    <subfield code="7">ba0yba0y</subfield>
    <subfield code="8">fre   </subfield>
    <subfield code="a">Littérature</subfield>
    <subfield code="x">Thèmes, motifs</subfield>
  </datafield>
  <datafield tag="305" ind1="1" ind2=" ">
    <subfield code="a">Voir aussi la subdivision Thèmes, motifs aux littératures, personnes et titres</subfield>
  </datafield>
  <datafield tag="330" ind1=" " ind2=" ">
    <subfield code="a">Sous cette vedette, on trouve les documents qui étudient un ou plusieurs thèmes dans un vaste ensemble d&apos;oeuvres littéraires</subfield>
  </datafield>
  <datafield tag="330" ind1=" " ind2=" ">
    <subfield code="a">On établit une vedette-matière additionnelle au thème étudié suivi de la subdivision Dans la littérature, par ex. : Mer -- Dans la littérature</subfield>
  </datafield>
  <datafield tag="450" ind1=" " ind2=" ">
    <subfield code="7">ba0yba0y</subfield>
    <subfield code="8">fre   </subfield>
    <subfield code="a">Littérature</subfield>
    <subfield code="x">Thèmes, motifs -- Études comparatives</subfield>
  </datafield>
  <datafield tag="450" ind1=" " ind2=" ">
    <subfield code="7">ba0yba0y</subfield>
    <subfield code="8">fre   </subfield>
    <subfield code="a">Littérature comparée</subfield>
    <subfield code="x">Thèmes, motifs</subfield>
  </datafield>
  <datafield tag="450" ind1=" " ind2=" ">
    <subfield code="7">ba0yba0y</subfield>
    <subfield code="8">fre   </subfield>
    <subfield code="a">Thèmes littéraires</subfield>
  </datafield>
  <datafield tag="550" ind1=" " ind2=" ">
    <subfield code="5">z</subfield>
    <subfield code="0">Voir aussi</subfield>
    <subfield code="3">11963446</subfield>
    <subfield code="7">ba0yba0y</subfield>
    <subfield code="8">fre   </subfield>
    <subfield code="a">Contes</subfield>
    <subfield code="x">Classification</subfield>
  </datafield>
  <datafield tag="550" ind1=" " ind2=" ">
    <subfield code="5">z</subfield>
    <subfield code="0">Voir aussi</subfield>
    <subfield code="3">11996647</subfield>
    <subfield code="7">ba0yba0y</subfield>
    <subfield code="8">fre   </subfield>
    <subfield code="a">Dans la littérature</subfield>
  </datafield>
  <datafield tag="550" ind1=" " ind2=" ">
    <subfield code="5">z</subfield>
    <subfield code="0">Voir aussi</subfield>
    <subfield code="3">11954120</subfield>
    <subfield code="7">ba0yba0y</subfield>
    <subfield code="8">fre   </subfield>
    <subfield code="a">Guerre mondiale</subfield>
    <subfield code="x">1914-1918) -- Littérature et guerre</subfield>
  </datafield>
  <datafield tag="550" ind1=" " ind2=" ">
    <subfield code="5">z</subfield>
    <subfield code="0">Voir aussi</subfield>
    <subfield code="3">12074574</subfield>
    <subfield code="7">ba0yba0y</subfield>
    <subfield code="8">fre   </subfield>
    <subfield code="a">Guerre mondiale</subfield>
    <subfield code="x">1939-1945) -- Littérature et guerre</subfield>
  </datafield>
  <datafield tag="550" ind1=" " ind2=" ">
    <subfield code="5">z</subfield>
    <subfield code="0">Voir aussi</subfield>
    <subfield code="3">11932268</subfield>
    <subfield code="7">ba0yba0y</subfield>
    <subfield code="8">fre   </subfield>
    <subfield code="a">Littérature comparée</subfield>
  </datafield>
  <datafield tag="550" ind1=" " ind2=" ">
    <subfield code="5">z</subfield>
    <subfield code="0">Voir aussi</subfield>
    <subfield code="3">11939100</subfield>
    <subfield code="7">ba0yba0y</subfield>
    <subfield code="8">fre   </subfield>
    <subfield code="a">Littérature et guerre</subfield>
  </datafield>
  <datafield tag="550" ind1=" " ind2=" ">
    <subfield code="5">z</subfield>
    <subfield code="0">Voir aussi</subfield>
    <subfield code="3">11960175</subfield>
    <subfield code="7">ba0yba0y</subfield>
    <subfield code="8">fre   </subfield>
    <subfield code="a">Littérature et révolution</subfield>
  </datafield>
  <datafield tag="550" ind1=" " ind2=" ">
    <subfield code="5">z</subfield>
    <subfield code="0">Voir aussi</subfield>
    <subfield code="3">11975676</subfield>
    <subfield code="7">ba0yba0y</subfield>
    <subfield code="8">fre   </subfield>
    <subfield code="a">Thèmes, motifs</subfield>
  </datafield>
  <datafield tag="550" ind1=" " ind2=" ">
    <subfield code="5">h</subfield>
    <subfield code="3">11980027</subfield>
    <subfield code="7">ba0yba0y</subfield>
    <subfield code="8">fre   </subfield>
    <subfield code="a">Absurde (philosophie)</subfield>
    <subfield code="x">Dans la littérature</subfield>
  </datafield>
  <datafield tag="550" ind1=" " ind2=" ">
    <subfield code="5">h</subfield>
    <subfield code="3">12011046</subfield>
    <subfield code="7">ba0yba0y</subfield>
    <subfield code="8">fre   </subfield>
    <subfield code="a">Carnavals</subfield>
    <subfield code="x">Dans la littérature</subfield>
  </datafield>
  <datafield tag="550" ind1=" " ind2=" ">
    <subfield code="5">h</subfield>
    <subfield code="3">11937542</subfield>
    <subfield code="7">ba0yba0y</subfield>
    <subfield code="8">fre   </subfield>
    <subfield code="a">Danse macabre</subfield>
  </datafield>
  <datafield tag="550" ind1=" " ind2=" ">
    <subfield code="5">h</subfield>
    <subfield code="3">13530309</subfield>
    <subfield code="7">ba0yba0y</subfield>
    <subfield code="8">fre   </subfield>
    <subfield code="a">Départ (littérature)</subfield>
  </datafield>
  <datafield tag="550" ind1=" " ind2=" ">
    <subfield code="5">h</subfield>
    <subfield code="3">12008745</subfield>
    <subfield code="7">ba0yba0y</subfield>
    <subfield code="8">fre   </subfield>
    <subfield code="a">Femmes</subfield>
    <subfield code="x">Dans la littérature</subfield>
  </datafield>
  <datafield tag="550" ind1=" " ind2=" ">
    <subfield code="5">h</subfield>
    <subfield code="3">11955235</subfield>
    <subfield code="7">ba0yba0y</subfield>
    <subfield code="8">fre   </subfield>
    <subfield code="a">Histoire (discipline)</subfield>
    <subfield code="x">Dans la littérature</subfield>
  </datafield>
  <datafield tag="550" ind1=" " ind2=" ">
    <subfield code="5">h</subfield>
    <subfield code="3">16222066</subfield>
    <subfield code="7">ba0yba0y</subfield>
    <subfield code="8">fre   </subfield>
    <subfield code="a">Humour</subfield>
    <subfield code="x">Dans la littérature</subfield>
  </datafield>
  <datafield tag="550" ind1=" " ind2=" ">
    <subfield code="5">h</subfield>
    <subfield code="3">16770627</subfield>
    <subfield code="7">ba0yba0y</subfield>
    <subfield code="8">fre   </subfield>
    <subfield code="a">Invisibilité</subfield>
  </datafield>
  <datafield tag="550" ind1=" " ind2=" ">
    <subfield code="5">h</subfield>
    <subfield code="3">15066715</subfield>
    <subfield code="7">ba0yba0y</subfield>
    <subfield code="8">fre   </subfield>
    <subfield code="a">Lumière et ténèbres</subfield>
    <subfield code="x">Dans la littérature</subfield>
  </datafield>
  <datafield tag="550" ind1=" " ind2=" ">
    <subfield code="5">h</subfield>
    <subfield code="3">13512105</subfield>
    <subfield code="7">ba0yba0y</subfield>
    <subfield code="8">fre   </subfield>
    <subfield code="a">Manuscrits imaginaires (littérature)</subfield>
  </datafield>
  <datafield tag="550" ind1=" " ind2=" ">
    <subfield code="5">h</subfield>
    <subfield code="3">11937578</subfield>
    <subfield code="7">ba0yba0y</subfield>
    <subfield code="8">fre   </subfield>
    <subfield code="a">Métamorphose (littérature)</subfield>
  </datafield>
  <datafield tag="550" ind1=" " ind2=" ">
    <subfield code="5">h</subfield>
    <subfield code="3">11932514</subfield>
    <subfield code="7">ba0yba0y</subfield>
    <subfield code="8">fre   </subfield>
    <subfield code="a">Égotisme</subfield>
  </datafield>
  <datafield tag="550" ind1=" " ind2=" ">
    <subfield code="5">h</subfield>
    <subfield code="3">11980057</subfield>
    <subfield code="7">ba0yba0y</subfield>
    <subfield code="8">fre   </subfield>
    <subfield code="a">Mythologie</subfield>
    <subfield code="x">Dans la littérature</subfield>
  </datafield>
  <datafield tag="550" ind1=" " ind2=" ">
    <subfield code="5">h</subfield>
    <subfield code="3">17840523</subfield>
    <subfield code="7">ba0yba0y</subfield>
    <subfield code="8">fre   </subfield>
    <subfield code="a">Pacte avec le diable (littérature)</subfield>
  </datafield>
  <datafield tag="550" ind1=" " ind2=" ">
    <subfield code="5">h</subfield>
    <subfield code="3">12192444</subfield>
    <subfield code="7">ba0yba0y</subfield>
    <subfield code="8">fre   </subfield>
    <subfield code="a">Passage (littérature)</subfield>
  </datafield>
  <datafield tag="550" ind1=" " ind2=" ">
    <subfield code="5">h</subfield>
    <subfield code="3">11961448</subfield>
    <subfield code="7">ba0yba0y</subfield>
    <subfield code="8">fre   </subfield>
    <subfield code="a">Philosophie</subfield>
    <subfield code="x">Dans la littérature</subfield>
  </datafield>
  <datafield tag="550" ind1=" " ind2=" ">
    <subfield code="5">h</subfield>
    <subfield code="3">16585454</subfield>
    <subfield code="7">ba0yba0y</subfield>
    <subfield code="8">fre   </subfield>
    <subfield code="a">Querelle des Femmes</subfield>
  </datafield>
  <datafield tag="550" ind1=" " ind2=" ">
    <subfield code="5">h</subfield>
    <subfield code="3">11970737</subfield>
    <subfield code="7">ba0yba0y</subfield>
    <subfield code="8">fre   </subfield>
    <subfield code="a">Quête (littérature)</subfield>
  </datafield>
  <datafield tag="550" ind1=" " ind2=" ">
    <subfield code="5">h</subfield>
    <subfield code="3">11932727</subfield>
    <subfield code="7">ba0yba0y</subfield>
    <subfield code="8">fre   </subfield>
    <subfield code="a">Réalisme (littérature)</subfield>
  </datafield>
  <datafield tag="550" ind1=" " ind2=" ">
    <subfield code="5">h</subfield>
    <subfield code="3">13737165</subfield>
    <subfield code="7">ba0yba0y</subfield>
    <subfield code="8">fre   </subfield>
    <subfield code="a">Retour (littérature)</subfield>
  </datafield>
  <datafield tag="550" ind1=" " ind2=" ">
    <subfield code="5">h</subfield>
    <subfield code="3">11976121</subfield>
    <subfield code="7">ba0yba0y</subfield>
    <subfield code="8">fre   </subfield>
    <subfield code="a">Sentimentalisme (littérature)</subfield>
  </datafield>
  <datafield tag="550" ind1=" " ind2=" ">
    <subfield code="5">h</subfield>
    <subfield code="3">11935970</subfield>
    <subfield code="7">ba0yba0y</subfield>
    <subfield code="8">fre   </subfield>
    <subfield code="a">Sexualité</subfield>
    <subfield code="x">Dans la littérature</subfield>
  </datafield>
  <datafield tag="550" ind1=" " ind2=" ">
    <subfield code="5">h</subfield>
    <subfield code="3">11933339</subfield>
    <subfield code="7">ba0yba0y</subfield>
    <subfield code="8">fre   </subfield>
    <subfield code="a">Signes et symboles</subfield>
    <subfield code="x">Dans la littérature</subfield>
  </datafield>
  <datafield tag="580" ind1=" " ind2="0">
    <subfield code="5">z</subfield>
    <subfield code="0">Voir aussi</subfield>
    <subfield code="3">11939456</subfield>
    <subfield code="7">ba0yba0y</subfield>
    <subfield code="8">fre   </subfield>
    <subfield code="a">Littérature</subfield>
  </datafield>
  <datafield tag="686" ind1=" " ind2=" ">
    <subfield code="a">801</subfield>
    <subfield code="c">Poésie</subfield>
    <subfield code="2">Note de regroupement par domaine</subfield>
  </datafield>
  <datafield tag="801" ind1=" " ind2=" ">
    <subfield code="a">FR</subfield>
    <subfield code="b">FR-751131015</subfield>
    <subfield code="c">20200626</subfield>
  </datafield>
  <datafield tag="822" ind1="1" ind2="2">
    <subfield code="a">Comparative literature--Themes, motives</subfield>
    <subfield code="2">LCSH</subfield>
    <subfield code="u">http://id.loc.gov/authorities/subjects/sh85077545</subfield>
    <subfield code="d">2019-10-08</subfield>
  </datafield>
  <datafield tag="822" ind1="1" ind2="2">
    <subfield code="a">Littérature comparée--Thèmes, motifs</subfield>
    <subfield code="2">RVMLaval</subfield>
    <subfield code="d">2019-10-08</subfield>
  </datafield>
</record>