
<record format="UNIMARC" type="Authority">
  <leader>00407cx  b2200157   4500</leader>
  <controlfield tag="001">FRBNF140108885</controlfield>
  <controlfield tag="003">http://catalogue.bnf.fr/ark:/12148/cb14010888c</controlfield>
  <controlfield tag="005">20060320</controlfield>
  <datafield tag="100" ind1=" " ind2=" ">
    <subfield code="a">19980507afrey50      ba0</subfield>
  </datafield>
  <datafield tag="102" ind1=" " ind2=" ">
    <subfield code="a">FR</subfield>
  </datafield>
  <datafield tag="105" ind1=" " ind2=" ">
    <subfield code="c">e</subfield>
    <subfield code="c">d</subfield>
    <subfield code="d">h</subfield>
  </datafield>
  <datafield tag="106" ind1=" " ind2=" ">
    <subfield code="a">1</subfield>
  </datafield>
  <datafield tag="150" ind1=" " ind2=" ">
    <subfield code="a">y</subfield>
    <subfield code="b">b6</subfield>
  </datafield>
  <datafield tag="210" ind1=" " ind2=" ">
    <subfield code="7">ba0yba0y</subfield>
    <subfield code="8">fre   </subfield>
    <subfield code="9">20 </subfield>
    <subfield code="a">Ed distribution</subfield>
  </datafield>
  <datafield tag="303" ind1=" " ind2=" ">
    <subfield code="a">3, square Caulaincourt, 75018 Paris</subfield>
  </datafield>
  <datafield tag="801" ind1=" " ind2=" ">
    <subfield code="a">FR</subfield>
    <subfield code="b">FR-751131015</subfield>
    <subfield code="c">20060320</subfield>
  </datafield>
</record>