
<record format="UNIMARC" type="Authority">
  <leader>21110cx  b2204597   4500</leader>
  <controlfield tag="001">FRBNF138904633</controlfield>
  <controlfield tag="003">http://catalogue.bnf.fr/ark:/12148/cb13890463t</controlfield>
  <controlfield tag="005">20040213</controlfield>
  <datafield tag="010" ind1=" " ind2=" ">
    <subfield code="a">0000000123648983</subfield>
    <subfield code="2">ISNI</subfield>
    <subfield code="d">20131217</subfield>
  </datafield>
  <datafield tag="039" ind1=" " ind2=" ">
    <subfield code="o">OPP</subfield>
    <subfield code="a">14290460</subfield>
    <subfield code="d">20170731</subfield>
  </datafield>
  <datafield tag="100" ind1=" " ind2=" ">
    <subfield code="a">19890601afrey50      ba0</subfield>
  </datafield>
  <datafield tag="102" ind1=" " ind2=" ">
    <subfield code="a">GB</subfield>
  </datafield>
  <datafield tag="105" ind1=" " ind2=" ">
    <subfield code="c">e</subfield>
    <subfield code="d">g</subfield>
    <subfield code="c">s</subfield>
    <subfield code="a">a</subfield>
  </datafield>
  <datafield tag="106" ind1=" " ind2=" ">
    <subfield code="a">1</subfield>
  </datafield>
  <datafield tag="150" ind1=" " ind2=" ">
    <subfield code="a">y</subfield>
  </datafield>
  <datafield tag="152" ind1=" " ind2=" ">
    <subfield code="c">2</subfield>
  </datafield>
  <datafield tag="210" ind1=" " ind2=" ">
    <subfield code="7">ba0yba0y</subfield>
    <subfield code="8">fre   </subfield>
    <subfield code="9"> 0 </subfield>
    <subfield code="a">WEA Europe</subfield>
  </datafield>
  <datafield tag="303" ind1=" " ind2=" ">
    <subfield code="a">83, Baker street, W1M 1AJ London</subfield>
  </datafield>
  <datafield tag="410" ind1=" " ind2=" ">
    <subfield code="7">ba0yba0y</subfield>
    <subfield code="8">fre   </subfield>
    <subfield code="9"> 1 </subfield>
    <subfield code="a">WEA international</subfield>
  </datafield>
  <datafield tag="410" ind1=" " ind2=" ">
    <subfield code="7">ba0yba0y</subfield>
    <subfield code="8">fre   </subfield>
    <subfield code="9"> 1 </subfield>
    <subfield code="a">Warner music international</subfield>
  </datafield>
  <datafield tag="410" ind1=" " ind2=" ">
    <subfield code="7">ba0yba0y</subfield>
    <subfield code="8">fre   </subfield>
    <subfield code="9"> 1 </subfield>
    <subfield code="a">WEA music international</subfield>
  </datafield>
  <datafield tag="510" ind1=" " ind2=" ">
    <subfield code="5">a</subfield>
    <subfield code="0">Antérieurement, voir</subfield>
    <subfield code="3">13946987</subfield>
    <subfield code="7">ba0yba0y</subfield>
    <subfield code="8">fre   </subfield>
    <subfield code="9">20 </subfield>
    <subfield code="a">Erato Disques</subfield>
  </datafield>
  <datafield tag="510" ind1=" " ind2=" ">
    <subfield code="5">z</subfield>
    <subfield code="0">Voir aussi</subfield>
    <subfield code="3">13890227</subfield>
    <subfield code="a">Teldec Schallplatten GmbH</subfield>
  </datafield>
  <datafield tag="516" ind1=" " ind2=" ">
    <subfield code="5">z</subfield>
    <subfield code="0">A édité : </subfield>
    <subfield code="3">13876334</subfield>
    <subfield code="7">ba0yba0y</subfield>
    <subfield code="8">fre   </subfield>
    <subfield code="a">MCA</subfield>
  </datafield>
  <datafield tag="516" ind1=" " ind2=" ">
    <subfield code="5">z</subfield>
    <subfield code="0">A édité : </subfield>
    <subfield code="3">13878144</subfield>
    <subfield code="7">ba0yba0y</subfield>
    <subfield code="8">fre   </subfield>
    <subfield code="a">Curb</subfield>
  </datafield>
  <datafield tag="516" ind1=" " ind2=" ">
    <subfield code="5">z</subfield>
    <subfield code="0">A édité : </subfield>
    <subfield code="3">13875701</subfield>
    <subfield code="7">ba0yba0y</subfield>
    <subfield code="8">fre   </subfield>
    <subfield code="a">Hansa</subfield>
  </datafield>
  <datafield tag="516" ind1=" " ind2=" ">
    <subfield code="5">z</subfield>
    <subfield code="0">A édité : </subfield>
    <subfield code="3">13850415</subfield>
    <subfield code="7">ba0yba0y</subfield>
    <subfield code="8">fre   </subfield>
    <subfield code="a">Bronze</subfield>
  </datafield>
  <datafield tag="516" ind1=" " ind2=" ">
    <subfield code="5">z</subfield>
    <subfield code="0">Édite : </subfield>
    <subfield code="3">16071566</subfield>
    <subfield code="7">ba0yba0y</subfield>
    <subfield code="8">fre   </subfield>
    <subfield code="a">Rhino-Word beat</subfield>
  </datafield>
  <datafield tag="516" ind1=" " ind2=" ">
    <subfield code="5">z</subfield>
    <subfield code="0">A édité : </subfield>
    <subfield code="3">13875579</subfield>
    <subfield code="7">ba0yba0y</subfield>
    <subfield code="8">fre   </subfield>
    <subfield code="a">Geffen</subfield>
  </datafield>
  <datafield tag="516" ind1=" " ind2=" ">
    <subfield code="5">z</subfield>
    <subfield code="0">Édite : </subfield>
    <subfield code="3">13925647</subfield>
    <subfield code="a">Atlantic-Titanium</subfield>
  </datafield>
  <datafield tag="516" ind1=" " ind2=" ">
    <subfield code="5">z</subfield>
    <subfield code="0">Édite : </subfield>
    <subfield code="3">13950242</subfield>
    <subfield code="a">Elektra-Chameleon</subfield>
  </datafield>
  <datafield tag="516" ind1=" " ind2=" ">
    <subfield code="5">z</subfield>
    <subfield code="0">Édite : </subfield>
    <subfield code="3">13951279</subfield>
    <subfield code="a">Atlantic-Interscope</subfield>
  </datafield>
  <datafield tag="516" ind1=" " ind2=" ">
    <subfield code="5">z</subfield>
    <subfield code="0">Édite : </subfield>
    <subfield code="3">13952215</subfield>
    <subfield code="a">Atco-Savage</subfield>
  </datafield>
  <datafield tag="516" ind1=" " ind2=" ">
    <subfield code="5">z</subfield>
    <subfield code="0">Édite : </subfield>
    <subfield code="3">13929764</subfield>
    <subfield code="a">Elektra-FFF</subfield>
  </datafield>
  <datafield tag="516" ind1=" " ind2=" ">
    <subfield code="5">z</subfield>
    <subfield code="0">Édite : </subfield>
    <subfield code="3">13878146</subfield>
    <subfield code="a">Warner Bros-Full Moon</subfield>
  </datafield>
  <datafield tag="516" ind1=" " ind2=" ">
    <subfield code="5">z</subfield>
    <subfield code="0">Édite : </subfield>
    <subfield code="3">13927021</subfield>
    <subfield code="a">Wea-pm</subfield>
  </datafield>
  <datafield tag="516" ind1=" " ind2=" ">
    <subfield code="5">z</subfield>
    <subfield code="0">Édite : </subfield>
    <subfield code="3">13927022</subfield>
    <subfield code="a">WEA-Pra</subfield>
  </datafield>
  <datafield tag="516" ind1=" " ind2=" ">
    <subfield code="5">z</subfield>
    <subfield code="0">Édite : </subfield>
    <subfield code="3">13873780</subfield>
    <subfield code="a">Atlantic-Megaforce Worldwide</subfield>
  </datafield>
  <datafield tag="516" ind1=" " ind2=" ">
    <subfield code="5">z</subfield>
    <subfield code="0">Édite : </subfield>
    <subfield code="3">13933795</subfield>
    <subfield code="a">Warner Bros-Lone Wolf</subfield>
  </datafield>
  <datafield tag="516" ind1=" " ind2=" ">
    <subfield code="5">z</subfield>
    <subfield code="0">Édite : </subfield>
    <subfield code="3">13878143</subfield>
    <subfield code="a">Warner Bros-Cold Chillin&apos;</subfield>
  </datafield>
  <datafield tag="516" ind1=" " ind2=" ">
    <subfield code="5">z</subfield>
    <subfield code="0">Édite : </subfield>
    <subfield code="3">13947290</subfield>
    <subfield code="a">Warner Bros-Sire-Blue Horizon Héritage</subfield>
  </datafield>
  <datafield tag="516" ind1=" " ind2=" ">
    <subfield code="5">z</subfield>
    <subfield code="0">Édite : </subfield>
    <subfield code="3">13876386</subfield>
    <subfield code="a">Merciful Release</subfield>
  </datafield>
  <datafield tag="516" ind1=" " ind2=" ">
    <subfield code="5">z</subfield>
    <subfield code="0">Édite : </subfield>
    <subfield code="3">13953049</subfield>
    <subfield code="7">ba0yba0y</subfield>
    <subfield code="8">fre   </subfield>
    <subfield code="a">Solid</subfield>
  </datafield>
  <datafield tag="516" ind1=" " ind2=" ">
    <subfield code="5">z</subfield>
    <subfield code="0">Édite : </subfield>
    <subfield code="3">13934753</subfield>
    <subfield code="a">WEA-Australian</subfield>
  </datafield>
  <datafield tag="516" ind1=" " ind2=" ">
    <subfield code="5">z</subfield>
    <subfield code="0">Édite : </subfield>
    <subfield code="3">13875349</subfield>
    <subfield code="a">Eternal</subfield>
  </datafield>
  <datafield tag="516" ind1=" " ind2=" ">
    <subfield code="5">z</subfield>
    <subfield code="0">Édite : </subfield>
    <subfield code="3">13877485</subfield>
    <subfield code="a">Some Bizarre</subfield>
  </datafield>
  <datafield tag="516" ind1=" " ind2=" ">
    <subfield code="5">z</subfield>
    <subfield code="0">Édite : </subfield>
    <subfield code="3">13955846</subfield>
    <subfield code="a">Warner Bros-Sire-I Square</subfield>
  </datafield>
  <datafield tag="516" ind1=" " ind2=" ">
    <subfield code="5">z</subfield>
    <subfield code="0">Édite : </subfield>
    <subfield code="3">13956044</subfield>
    <subfield code="a">Atco-Emerald City</subfield>
  </datafield>
  <datafield tag="516" ind1=" " ind2=" ">
    <subfield code="5">z</subfield>
    <subfield code="0">Édite : </subfield>
    <subfield code="3">13956125</subfield>
    <subfield code="a">Atlantic-Trevel</subfield>
  </datafield>
  <datafield tag="516" ind1=" " ind2=" ">
    <subfield code="5">z</subfield>
    <subfield code="0">Édite : </subfield>
    <subfield code="3">13956127</subfield>
    <subfield code="a">Gasa</subfield>
  </datafield>
  <datafield tag="516" ind1=" " ind2=" ">
    <subfield code="5">z</subfield>
    <subfield code="0">Édite : </subfield>
    <subfield code="3">13937871</subfield>
    <subfield code="a">Atlantic-Lone Wolf</subfield>
  </datafield>
  <datafield tag="516" ind1=" " ind2=" ">
    <subfield code="5">z</subfield>
    <subfield code="0">Édite : </subfield>
    <subfield code="3">13937877</subfield>
    <subfield code="a">Atlantic-Loud &amp; Proud</subfield>
  </datafield>
  <datafield tag="516" ind1=" " ind2=" ">
    <subfield code="5">z</subfield>
    <subfield code="0">Édite : </subfield>
    <subfield code="3">13938949</subfield>
    <subfield code="a">WEA International</subfield>
  </datafield>
  <datafield tag="516" ind1=" " ind2=" ">
    <subfield code="5">z</subfield>
    <subfield code="0">Édite : </subfield>
    <subfield code="3">13943730</subfield>
    <subfield code="a">Elektra-Pendulum</subfield>
  </datafield>
  <datafield tag="516" ind1=" " ind2=" ">
    <subfield code="5">z</subfield>
    <subfield code="0">Édite : </subfield>
    <subfield code="3">13878153</subfield>
    <subfield code="a">WEA</subfield>
  </datafield>
  <datafield tag="516" ind1=" " ind2=" ">
    <subfield code="5">z</subfield>
    <subfield code="0">Édite : </subfield>
    <subfield code="3">13878151</subfield>
    <subfield code="a">Warner Bros-Paisley Park</subfield>
  </datafield>
  <datafield tag="516" ind1=" " ind2=" ">
    <subfield code="5">z</subfield>
    <subfield code="0">Édite : </subfield>
    <subfield code="3">13878142</subfield>
    <subfield code="a">Warner Bros</subfield>
  </datafield>
  <datafield tag="516" ind1=" " ind2=" ">
    <subfield code="5">z</subfield>
    <subfield code="0">Édite : </subfield>
    <subfield code="3">13875192</subfield>
    <subfield code="a">East West</subfield>
  </datafield>
  <datafield tag="516" ind1=" " ind2=" ">
    <subfield code="5">z</subfield>
    <subfield code="0">Édite : </subfield>
    <subfield code="3">13877436</subfield>
    <subfield code="a">Sire</subfield>
  </datafield>
  <datafield tag="516" ind1=" " ind2=" ">
    <subfield code="5">z</subfield>
    <subfield code="0">Édite : </subfield>
    <subfield code="3">13947665</subfield>
    <subfield code="a">Rna</subfield>
  </datafield>
  <datafield tag="516" ind1=" " ind2=" ">
    <subfield code="5">z</subfield>
    <subfield code="0">Édite : </subfield>
    <subfield code="3">13956136</subfield>
    <subfield code="a">Mesa</subfield>
  </datafield>
  <datafield tag="516" ind1=" " ind2=" ">
    <subfield code="5">z</subfield>
    <subfield code="0">Édite : </subfield>
    <subfield code="3">13956255</subfield>
    <subfield code="a">Rhino-Excello</subfield>
  </datafield>
  <datafield tag="516" ind1=" " ind2=" ">
    <subfield code="5">z</subfield>
    <subfield code="0">Édite : </subfield>
    <subfield code="3">13956384</subfield>
    <subfield code="a">PWL International</subfield>
  </datafield>
  <datafield tag="516" ind1=" " ind2=" ">
    <subfield code="5">z</subfield>
    <subfield code="0">Édite : </subfield>
    <subfield code="3">13956854</subfield>
    <subfield code="a">East West-HJ</subfield>
  </datafield>
  <datafield tag="516" ind1=" " ind2=" ">
    <subfield code="5">z</subfield>
    <subfield code="0">Édite : </subfield>
    <subfield code="3">13874929</subfield>
    <subfield code="a">Cotillion</subfield>
  </datafield>
  <datafield tag="516" ind1=" " ind2=" ">
    <subfield code="5">z</subfield>
    <subfield code="0">Édite : </subfield>
    <subfield code="3">13877174</subfield>
    <subfield code="a">Reprise-Full Moon</subfield>
  </datafield>
  <datafield tag="516" ind1=" " ind2=" ">
    <subfield code="5">z</subfield>
    <subfield code="0">Édite : </subfield>
    <subfield code="3">13873965</subfield>
    <subfield code="a">Blanco y negro</subfield>
  </datafield>
  <datafield tag="516" ind1=" " ind2=" ">
    <subfield code="5">z</subfield>
    <subfield code="0">Édite : </subfield>
    <subfield code="3">13947018</subfield>
    <subfield code="a">Medley</subfield>
  </datafield>
  <datafield tag="516" ind1=" " ind2=" ">
    <subfield code="5">z</subfield>
    <subfield code="0">Édite : </subfield>
    <subfield code="3">13949495</subfield>
    <subfield code="a">Select</subfield>
    <subfield code="c">1992-....</subfield>
  </datafield>
  <datafield tag="516" ind1=" " ind2=" ">
    <subfield code="5">z</subfield>
    <subfield code="0">Édite : </subfield>
    <subfield code="3">13937132</subfield>
    <subfield code="a">Elektra-African Love</subfield>
  </datafield>
  <datafield tag="516" ind1=" " ind2=" ">
    <subfield code="5">z</subfield>
    <subfield code="0">Édite : </subfield>
    <subfield code="3">13877140</subfield>
    <subfield code="a">Real</subfield>
  </datafield>
  <datafield tag="516" ind1=" " ind2=" ">
    <subfield code="5">z</subfield>
    <subfield code="0">Édite : </subfield>
    <subfield code="3">13957303</subfield>
    <subfield code="a">PWL international-EPM</subfield>
  </datafield>
  <datafield tag="516" ind1=" " ind2=" ">
    <subfield code="5">z</subfield>
    <subfield code="0">Édite : </subfield>
    <subfield code="3">13877056</subfield>
    <subfield code="a">Qwest</subfield>
  </datafield>
  <datafield tag="516" ind1=" " ind2=" ">
    <subfield code="5">z</subfield>
    <subfield code="0">Édite : </subfield>
    <subfield code="3">13957371</subfield>
    <subfield code="a">Wea-Telegram</subfield>
  </datafield>
  <datafield tag="516" ind1=" " ind2=" ">
    <subfield code="5">z</subfield>
    <subfield code="0">Édite : </subfield>
    <subfield code="3">13957386</subfield>
    <subfield code="a">Atlantic-Interscope-Donnie D</subfield>
  </datafield>
  <datafield tag="516" ind1=" " ind2=" ">
    <subfield code="5">z</subfield>
    <subfield code="0">Édite : </subfield>
    <subfield code="3">13877809</subfield>
    <subfield code="a">Teldec</subfield>
  </datafield>
  <datafield tag="516" ind1=" " ind2=" ">
    <subfield code="5">z</subfield>
    <subfield code="0">Édite : </subfield>
    <subfield code="3">13957575</subfield>
    <subfield code="a">Warner Bros-Mtv-Stiefel Phillips</subfield>
  </datafield>
  <datafield tag="516" ind1=" " ind2=" ">
    <subfield code="5">z</subfield>
    <subfield code="0">Édite : </subfield>
    <subfield code="3">13957594</subfield>
    <subfield code="a">Reprise-MTV</subfield>
  </datafield>
  <datafield tag="516" ind1=" " ind2=" ">
    <subfield code="5">z</subfield>
    <subfield code="0">Édite : </subfield>
    <subfield code="3">13958015</subfield>
    <subfield code="a">EarthBeat !</subfield>
  </datafield>
  <datafield tag="516" ind1=" " ind2=" ">
    <subfield code="5">z</subfield>
    <subfield code="0">Édite : </subfield>
    <subfield code="3">13958072</subfield>
    <subfield code="a">Reprise-Forceful</subfield>
  </datafield>
  <datafield tag="516" ind1=" " ind2=" ">
    <subfield code="5">z</subfield>
    <subfield code="0">Édite : </subfield>
    <subfield code="3">13932567</subfield>
    <subfield code="a">Warner Bros-Rap-Eternal</subfield>
  </datafield>
  <datafield tag="516" ind1=" " ind2=" ">
    <subfield code="5">z</subfield>
    <subfield code="0">Édite : </subfield>
    <subfield code="3">13930610</subfield>
    <subfield code="a">Warner Bros-Rap</subfield>
  </datafield>
  <datafield tag="516" ind1=" " ind2=" ">
    <subfield code="5">z</subfield>
    <subfield code="0">Édite : </subfield>
    <subfield code="3">13926986</subfield>
    <subfield code="a">Warner Bros-Sire-Luaka Bop</subfield>
  </datafield>
  <datafield tag="516" ind1=" " ind2=" ">
    <subfield code="5">z</subfield>
    <subfield code="0">Édite : </subfield>
    <subfield code="3">13927020</subfield>
    <subfield code="a">Warner Bros-Uptown</subfield>
  </datafield>
  <datafield tag="516" ind1=" " ind2=" ">
    <subfield code="5">z</subfield>
    <subfield code="0">Édite : </subfield>
    <subfield code="3">13930280</subfield>
    <subfield code="a">Warner Bros-Sire-Rhyme Syndicate</subfield>
  </datafield>
  <datafield tag="516" ind1=" " ind2=" ">
    <subfield code="5">z</subfield>
    <subfield code="0">Édite : </subfield>
    <subfield code="3">13947019</subfield>
    <subfield code="a">Warner Bros-Medley</subfield>
  </datafield>
  <datafield tag="516" ind1=" " ind2=" ">
    <subfield code="5">z</subfield>
    <subfield code="0">Édite : </subfield>
    <subfield code="3">13947021</subfield>
    <subfield code="a">Warner Bros-Giant-Big Beat</subfield>
  </datafield>
  <datafield tag="516" ind1=" " ind2=" ">
    <subfield code="5">z</subfield>
    <subfield code="0">Édite : </subfield>
    <subfield code="3">13947282</subfield>
    <subfield code="a">Reprise-Cold Chillin&apos;</subfield>
  </datafield>
  <datafield tag="516" ind1=" " ind2=" ">
    <subfield code="5">z</subfield>
    <subfield code="0">Édite : </subfield>
    <subfield code="3">13932181</subfield>
    <subfield code="7">ba0yba0y</subfield>
    <subfield code="8">fre   </subfield>
    <subfield code="a">Rhino</subfield>
  </datafield>
  <datafield tag="516" ind1=" " ind2=" ">
    <subfield code="5">z</subfield>
    <subfield code="0">Édite : </subfield>
    <subfield code="3">13927106</subfield>
    <subfield code="7">ba0yba0y</subfield>
    <subfield code="8">fre   </subfield>
    <subfield code="a">Reprise</subfield>
  </datafield>
  <datafield tag="516" ind1=" " ind2=" ">
    <subfield code="5">z</subfield>
    <subfield code="0">Édite : </subfield>
    <subfield code="3">13875335</subfield>
    <subfield code="a">Esparanza</subfield>
  </datafield>
  <datafield tag="516" ind1=" " ind2=" ">
    <subfield code="5">z</subfield>
    <subfield code="0">Édite : </subfield>
    <subfield code="3">13873725</subfield>
    <subfield code="a">3 Cipreses</subfield>
  </datafield>
  <datafield tag="516" ind1=" " ind2=" ">
    <subfield code="5">z</subfield>
    <subfield code="0">Édite : </subfield>
    <subfield code="3">13873717</subfield>
    <subfield code="a">East West-Ultraphonic</subfield>
  </datafield>
  <datafield tag="516" ind1=" " ind2=" ">
    <subfield code="5">z</subfield>
    <subfield code="0">Édite : </subfield>
    <subfield code="3">13873747</subfield>
    <subfield code="a">East West-On</subfield>
  </datafield>
  <datafield tag="516" ind1=" " ind2=" ">
    <subfield code="5">z</subfield>
    <subfield code="0">Édite : </subfield>
    <subfield code="3">13958501</subfield>
    <subfield code="a">Forward</subfield>
  </datafield>
  <datafield tag="516" ind1=" " ind2=" ">
    <subfield code="5">z</subfield>
    <subfield code="0">Édite : </subfield>
    <subfield code="3">13931347</subfield>
    <subfield code="a">WEA-East West</subfield>
  </datafield>
  <datafield tag="516" ind1=" " ind2=" ">
    <subfield code="5">z</subfield>
    <subfield code="0">Édite : </subfield>
    <subfield code="3">13933789</subfield>
    <subfield code="a">Warner Bros-Wilbury</subfield>
  </datafield>
  <datafield tag="516" ind1=" " ind2=" ">
    <subfield code="5">z</subfield>
    <subfield code="0">Édite : </subfield>
    <subfield code="3">13933984</subfield>
    <subfield code="a">Warner Bros-Sire-Q Sound</subfield>
  </datafield>
  <datafield tag="516" ind1=" " ind2=" ">
    <subfield code="5">z</subfield>
    <subfield code="0">Édite : </subfield>
    <subfield code="3">13947235</subfield>
    <subfield code="a">East West-Oval</subfield>
  </datafield>
  <datafield tag="516" ind1=" " ind2=" ">
    <subfield code="5">z</subfield>
    <subfield code="0">Édite : </subfield>
    <subfield code="3">13875243</subfield>
    <subfield code="a">Elektra</subfield>
  </datafield>
  <datafield tag="516" ind1=" " ind2=" ">
    <subfield code="5">z</subfield>
    <subfield code="0">Édite : </subfield>
    <subfield code="3">13958597</subfield>
    <subfield code="a">Atlantic-Mo Jam</subfield>
  </datafield>
  <datafield tag="516" ind1=" " ind2=" ">
    <subfield code="5">z</subfield>
    <subfield code="0">Édite : </subfield>
    <subfield code="3">13874022</subfield>
    <subfield code="a">Wea-Mvg</subfield>
  </datafield>
  <datafield tag="516" ind1=" " ind2=" ">
    <subfield code="5">z</subfield>
    <subfield code="0">Édite : </subfield>
    <subfield code="3">13874021</subfield>
    <subfield code="a">WEA-Play it loud</subfield>
  </datafield>
  <datafield tag="516" ind1=" " ind2=" ">
    <subfield code="5">z</subfield>
    <subfield code="0">Édite : </subfield>
    <subfield code="3">13873957</subfield>
    <subfield code="a">Sire-Maverick</subfield>
  </datafield>
  <datafield tag="516" ind1=" " ind2=" ">
    <subfield code="5">z</subfield>
    <subfield code="0">Édite : </subfield>
    <subfield code="3">13874710</subfield>
    <subfield code="a">WEA-Torpedo</subfield>
  </datafield>
  <datafield tag="516" ind1=" " ind2=" ">
    <subfield code="5">z</subfield>
    <subfield code="0">Édite : </subfield>
    <subfield code="3">13874713</subfield>
    <subfield code="a">Reprise-Kalimba</subfield>
  </datafield>
  <datafield tag="516" ind1=" " ind2=" ">
    <subfield code="5">z</subfield>
    <subfield code="0">Édite : </subfield>
    <subfield code="3">13873972</subfield>
    <subfield code="a">Maverick</subfield>
  </datafield>
  <datafield tag="516" ind1=" " ind2=" ">
    <subfield code="5">z</subfield>
    <subfield code="0">Édite : </subfield>
    <subfield code="3">13875597</subfield>
    <subfield code="a">Warner Bros-Capricorn</subfield>
  </datafield>
  <datafield tag="516" ind1=" " ind2=" ">
    <subfield code="5">z</subfield>
    <subfield code="0">Édite : </subfield>
    <subfield code="3">13875675</subfield>
    <subfield code="a">Warner Bros-Reprise</subfield>
  </datafield>
  <datafield tag="516" ind1=" " ind2=" ">
    <subfield code="5">z</subfield>
    <subfield code="0">Édite : </subfield>
    <subfield code="3">13875013</subfield>
    <subfield code="a">Rhino-Atlantic Jazz</subfield>
  </datafield>
  <datafield tag="516" ind1=" " ind2=" ">
    <subfield code="5">z</subfield>
    <subfield code="0">Édite : </subfield>
    <subfield code="3">13934741</subfield>
    <subfield code="a">Warner Bros-Grand Jury</subfield>
  </datafield>
  <datafield tag="516" ind1=" " ind2=" ">
    <subfield code="5">z</subfield>
    <subfield code="0">Édite : </subfield>
    <subfield code="3">13936799</subfield>
    <subfield code="a">WEA-Metronome</subfield>
  </datafield>
  <datafield tag="516" ind1=" " ind2=" ">
    <subfield code="5">z</subfield>
    <subfield code="0">Édite : </subfield>
    <subfield code="3">13937915</subfield>
    <subfield code="a">Warner Bros-Giant</subfield>
  </datafield>
  <datafield tag="516" ind1=" " ind2=" ">
    <subfield code="5">z</subfield>
    <subfield code="0">Édite : </subfield>
    <subfield code="3">13942022</subfield>
    <subfield code="a">Warner Bros-Tappan Zee</subfield>
  </datafield>
  <datafield tag="516" ind1=" " ind2=" ">
    <subfield code="5">z</subfield>
    <subfield code="0">Édite : </subfield>
    <subfield code="3">13947280</subfield>
    <subfield code="a">Elektra-Rush Artist</subfield>
  </datafield>
  <datafield tag="516" ind1=" " ind2=" ">
    <subfield code="5">z</subfield>
    <subfield code="0">Édite : </subfield>
    <subfield code="3">13927026</subfield>
    <subfield code="a">Warner Bros-Sire</subfield>
  </datafield>
  <datafield tag="516" ind1=" " ind2=" ">
    <subfield code="5">z</subfield>
    <subfield code="0">Édite : </subfield>
    <subfield code="3">13947281</subfield>
    <subfield code="a">Sire-Reprise-Kinetic</subfield>
  </datafield>
  <datafield tag="516" ind1=" " ind2=" ">
    <subfield code="5">z</subfield>
    <subfield code="0">Édite : </subfield>
    <subfield code="3">13933802</subfield>
    <subfield code="a">Reprise-Giant</subfield>
  </datafield>
  <datafield tag="516" ind1=" " ind2=" ">
    <subfield code="5">z</subfield>
    <subfield code="0">Édite : </subfield>
    <subfield code="3">13875245</subfield>
    <subfield code="a">Elektra-Nonesuch</subfield>
  </datafield>
  <datafield tag="516" ind1=" " ind2=" ">
    <subfield code="5">z</subfield>
    <subfield code="0">Édite : </subfield>
    <subfield code="3">13942720</subfield>
    <subfield code="a">Atlantic-Third Stone</subfield>
  </datafield>
  <datafield tag="516" ind1=" " ind2=" ">
    <subfield code="5">z</subfield>
    <subfield code="0">Édite : </subfield>
    <subfield code="3">13947740</subfield>
    <subfield code="a">East West-Atco</subfield>
  </datafield>
  <datafield tag="516" ind1=" " ind2=" ">
    <subfield code="5">z</subfield>
    <subfield code="0">Édite : </subfield>
    <subfield code="3">13947774</subfield>
    <subfield code="a">East West-Platinum</subfield>
  </datafield>
  <datafield tag="516" ind1=" " ind2=" ">
    <subfield code="5">z</subfield>
    <subfield code="0">Édite : </subfield>
    <subfield code="3">13947778</subfield>
    <subfield code="a">WEA-Quinlan Road</subfield>
  </datafield>
  <datafield tag="516" ind1=" " ind2=" ">
    <subfield code="5">z</subfield>
    <subfield code="0">Édite : </subfield>
    <subfield code="3">13877635</subfield>
    <subfield code="a">Swan Song</subfield>
  </datafield>
  <datafield tag="516" ind1=" " ind2=" ">
    <subfield code="5">z</subfield>
    <subfield code="0">Édite : </subfield>
    <subfield code="3">13876140</subfield>
    <subfield code="a">Elektra-Street know ledge</subfield>
  </datafield>
  <datafield tag="516" ind1=" " ind2=" ">
    <subfield code="5">z</subfield>
    <subfield code="0">Édite : </subfield>
    <subfield code="3">13948528</subfield>
    <subfield code="a">Elektra-PWR</subfield>
  </datafield>
  <datafield tag="516" ind1=" " ind2=" ">
    <subfield code="5">z</subfield>
    <subfield code="0">Édite : </subfield>
    <subfield code="3">13948830</subfield>
    <subfield code="a">East West-Australian</subfield>
  </datafield>
  <datafield tag="516" ind1=" " ind2=" ">
    <subfield code="5">z</subfield>
    <subfield code="0">Édite : </subfield>
    <subfield code="3">13946892</subfield>
    <subfield code="a">East West-Dead Dead Good</subfield>
  </datafield>
  <datafield tag="516" ind1=" " ind2=" ">
    <subfield code="5">z</subfield>
    <subfield code="0">Édite : </subfield>
    <subfield code="3">13946898</subfield>
    <subfield code="a">East West-Merciful Release</subfield>
  </datafield>
  <datafield tag="516" ind1=" " ind2=" ">
    <subfield code="5">z</subfield>
    <subfield code="0">Édite : </subfield>
    <subfield code="3">13948863</subfield>
    <subfield code="a">Pwr</subfield>
  </datafield>
  <datafield tag="516" ind1=" " ind2=" ">
    <subfield code="5">z</subfield>
    <subfield code="0">Édite : </subfield>
    <subfield code="3">13878150</subfield>
    <subfield code="a">Warner Bros-Opal</subfield>
  </datafield>
  <datafield tag="516" ind1=" " ind2=" ">
    <subfield code="5">z</subfield>
    <subfield code="0">Édite : </subfield>
    <subfield code="3">13927042</subfield>
    <subfield code="a">Reprise-Duck</subfield>
  </datafield>
  <datafield tag="516" ind1=" " ind2=" ">
    <subfield code="5">z</subfield>
    <subfield code="0">Édite : </subfield>
    <subfield code="3">13873775</subfield>
    <subfield code="7">ba0yba0y</subfield>
    <subfield code="8">fre   </subfield>
    <subfield code="a">Atlantic</subfield>
  </datafield>
  <datafield tag="516" ind1=" " ind2=" ">
    <subfield code="5">z</subfield>
    <subfield code="0">Édite : </subfield>
    <subfield code="3">13950243</subfield>
    <subfield code="a">Warner Bros-GD</subfield>
  </datafield>
  <datafield tag="516" ind1=" " ind2=" ">
    <subfield code="5">z</subfield>
    <subfield code="0">Édite : </subfield>
    <subfield code="3">13950244</subfield>
    <subfield code="a">Warner Bros-Sire-Maverick</subfield>
  </datafield>
  <datafield tag="516" ind1=" " ind2=" ">
    <subfield code="5">z</subfield>
    <subfield code="0">Édite : </subfield>
    <subfield code="3">13873779</subfield>
    <subfield code="a">Atlantic Jazz</subfield>
  </datafield>
  <datafield tag="516" ind1=" " ind2=" ">
    <subfield code="5">z</subfield>
    <subfield code="0">Édite : </subfield>
    <subfield code="3">13937926</subfield>
    <subfield code="a">East West-Interscope</subfield>
  </datafield>
  <datafield tag="516" ind1=" " ind2=" ">
    <subfield code="5">z</subfield>
    <subfield code="0">Édite : </subfield>
    <subfield code="3">13951281</subfield>
    <subfield code="a">Rhino-Bearsville</subfield>
  </datafield>
  <datafield tag="516" ind1=" " ind2=" ">
    <subfield code="5">z</subfield>
    <subfield code="0">Édite : </subfield>
    <subfield code="3">13951334</subfield>
    <subfield code="a">Atco-Albert</subfield>
  </datafield>
  <datafield tag="516" ind1=" " ind2=" ">
    <subfield code="5">z</subfield>
    <subfield code="0">Édite : </subfield>
    <subfield code="3">13951338</subfield>
    <subfield code="a">East West-Magnet</subfield>
  </datafield>
  <datafield tag="516" ind1=" " ind2=" ">
    <subfield code="5">z</subfield>
    <subfield code="0">Édite : </subfield>
    <subfield code="3">13878155</subfield>
    <subfield code="a">WEA-Elektra</subfield>
  </datafield>
  <datafield tag="516" ind1=" " ind2=" ">
    <subfield code="5">z</subfield>
    <subfield code="0">Édite : </subfield>
    <subfield code="3">13876253</subfield>
    <subfield code="a">Magnet</subfield>
  </datafield>
  <datafield tag="516" ind1=" " ind2=" ">
    <subfield code="5">z</subfield>
    <subfield code="0">Édite : </subfield>
    <subfield code="3">13951340</subfield>
    <subfield code="a">Atlantic &amp; Atco-Rhino</subfield>
  </datafield>
  <datafield tag="516" ind1=" " ind2=" ">
    <subfield code="5">z</subfield>
    <subfield code="0">Édite : </subfield>
    <subfield code="3">13878162</subfield>
    <subfield code="a">WEA-Real</subfield>
  </datafield>
  <datafield tag="516" ind1=" " ind2=" ">
    <subfield code="5">z</subfield>
    <subfield code="0">Édite : </subfield>
    <subfield code="3">13951661</subfield>
    <subfield code="a">WEA-Sire-Real</subfield>
  </datafield>
  <datafield tag="516" ind1=" " ind2=" ">
    <subfield code="5">z</subfield>
    <subfield code="0">Édite : </subfield>
    <subfield code="3">13946895</subfield>
    <subfield code="a">3 Beat</subfield>
  </datafield>
  <datafield tag="516" ind1=" " ind2=" ">
    <subfield code="5">z</subfield>
    <subfield code="0">Édite : </subfield>
    <subfield code="3">13947286</subfield>
    <subfield code="a">WEA-Apache</subfield>
  </datafield>
  <datafield tag="516" ind1=" " ind2=" ">
    <subfield code="5">z</subfield>
    <subfield code="0">Édite : </subfield>
    <subfield code="3">13878242</subfield>
    <subfield code="a">ZTT</subfield>
  </datafield>
  <datafield tag="516" ind1=" " ind2=" ">
    <subfield code="5">z</subfield>
    <subfield code="0">Édite : </subfield>
    <subfield code="3">13873765</subfield>
    <subfield code="a">Atco</subfield>
  </datafield>
  <datafield tag="516" ind1=" " ind2=" ">
    <subfield code="5">z</subfield>
    <subfield code="0">Édite : </subfield>
    <subfield code="3">13952228</subfield>
    <subfield code="a">Warner Bros-Luaka bop</subfield>
  </datafield>
  <datafield tag="516" ind1=" " ind2=" ">
    <subfield code="5">z</subfield>
    <subfield code="0">Édite : </subfield>
    <subfield code="3">13927112</subfield>
    <subfield code="a">Warner Bros-Qwest</subfield>
  </datafield>
  <datafield tag="516" ind1=" " ind2=" ">
    <subfield code="5">z</subfield>
    <subfield code="0">Édite : </subfield>
    <subfield code="3">13952279</subfield>
    <subfield code="a">CGD-Clan</subfield>
  </datafield>
  <datafield tag="516" ind1=" " ind2=" ">
    <subfield code="5">z</subfield>
    <subfield code="0">Édite : </subfield>
    <subfield code="3">13953574</subfield>
    <subfield code="a">East West-Australian-Mma</subfield>
  </datafield>
  <datafield tag="516" ind1=" " ind2=" ">
    <subfield code="5">z</subfield>
    <subfield code="0">Édite : </subfield>
    <subfield code="3">13953581</subfield>
    <subfield code="a">Atlantic-Modern</subfield>
  </datafield>
  <datafield tag="516" ind1=" " ind2=" ">
    <subfield code="5">z</subfield>
    <subfield code="0">Édite : </subfield>
    <subfield code="3">13953804</subfield>
    <subfield code="a">Sire-Blanco y Negro</subfield>
  </datafield>
  <datafield tag="516" ind1=" " ind2=" ">
    <subfield code="5">z</subfield>
    <subfield code="0">Édite : </subfield>
    <subfield code="3">14038189</subfield>
    <subfield code="a">Warner.esp</subfield>
  </datafield>
  <datafield tag="516" ind1=" " ind2=" ">
    <subfield code="5">z</subfield>
    <subfield code="0">Édite : </subfield>
    <subfield code="3">13979535</subfield>
    <subfield code="a">Yellow</subfield>
  </datafield>
  <datafield tag="516" ind1=" " ind2=" ">
    <subfield code="5">z</subfield>
    <subfield code="0">Édite : </subfield>
    <subfield code="3">14030024</subfield>
    <subfield code="a">East West-Yellow</subfield>
  </datafield>
  <datafield tag="516" ind1=" " ind2=" ">
    <subfield code="5">z</subfield>
    <subfield code="0">Édite : </subfield>
    <subfield code="3">14041453</subfield>
    <subfield code="a">East West dance</subfield>
  </datafield>
  <datafield tag="516" ind1=" " ind2=" ">
    <subfield code="5">z</subfield>
    <subfield code="0">Édite : </subfield>
    <subfield code="3">13954853</subfield>
    <subfield code="a">LKJ</subfield>
  </datafield>
  <datafield tag="516" ind1=" " ind2=" ">
    <subfield code="5">z</subfield>
    <subfield code="0">Édite : </subfield>
    <subfield code="3">14043743</subfield>
    <subfield code="7">ba0yba0y</subfield>
    <subfield code="8">fre   </subfield>
    <subfield code="a">Cat</subfield>
    <subfield code="c">États-Unis</subfield>
  </datafield>
  <datafield tag="516" ind1=" " ind2=" ">
    <subfield code="5">z</subfield>
    <subfield code="0">Édite : </subfield>
    <subfield code="3">13875394</subfield>
    <subfield code="a">Fantasy</subfield>
  </datafield>
  <datafield tag="516" ind1=" " ind2=" ">
    <subfield code="5">z</subfield>
    <subfield code="0">Édite : </subfield>
    <subfield code="3">14047836</subfield>
    <subfield code="a">Frenetic</subfield>
  </datafield>
  <datafield tag="516" ind1=" " ind2=" ">
    <subfield code="5">z</subfield>
    <subfield code="0">Édite : </subfield>
    <subfield code="3">14036296</subfield>
    <subfield code="a">Warner music France</subfield>
  </datafield>
  <datafield tag="516" ind1=" " ind2=" ">
    <subfield code="5">z</subfield>
    <subfield code="0">Édite : </subfield>
    <subfield code="3">14054585</subfield>
    <subfield code="7">ba0yba0y</subfield>
    <subfield code="8">fre   </subfield>
    <subfield code="a">Warner jazz France</subfield>
  </datafield>
  <datafield tag="516" ind1=" " ind2=" ">
    <subfield code="5">z</subfield>
    <subfield code="0">Édite : </subfield>
    <subfield code="3">13953958</subfield>
    <subfield code="a">Atlantic-Fire</subfield>
  </datafield>
  <datafield tag="516" ind1=" " ind2=" ">
    <subfield code="5">z</subfield>
    <subfield code="0">Édite : </subfield>
    <subfield code="3">13874707</subfield>
    <subfield code="a">CGD</subfield>
  </datafield>
  <datafield tag="516" ind1=" " ind2=" ">
    <subfield code="5">z</subfield>
    <subfield code="0">Édite : </subfield>
    <subfield code="3">13953959</subfield>
    <subfield code="a">Cgd-ira</subfield>
  </datafield>
  <datafield tag="516" ind1=" " ind2=" ">
    <subfield code="5">z</subfield>
    <subfield code="0">Édite : </subfield>
    <subfield code="3">13953960</subfield>
    <subfield code="a">CGD-IRA-TransEuropa</subfield>
  </datafield>
  <datafield tag="516" ind1=" " ind2=" ">
    <subfield code="5">z</subfield>
    <subfield code="0">Édite : </subfield>
    <subfield code="3">13953961</subfield>
    <subfield code="a">Interscope</subfield>
  </datafield>
  <datafield tag="516" ind1=" " ind2=" ">
    <subfield code="5">z</subfield>
    <subfield code="0">Édite : </subfield>
    <subfield code="3">13877039</subfield>
    <subfield code="a">PWL</subfield>
  </datafield>
  <datafield tag="516" ind1=" " ind2=" ">
    <subfield code="5">z</subfield>
    <subfield code="0">Édite : </subfield>
    <subfield code="3">13953967</subfield>
    <subfield code="a">East West-Street Knowledge</subfield>
  </datafield>
  <datafield tag="516" ind1=" " ind2=" ">
    <subfield code="5">z</subfield>
    <subfield code="0">Édite : </subfield>
    <subfield code="3">13953968</subfield>
    <subfield code="a">Atlantic-GMI</subfield>
  </datafield>
  <datafield tag="516" ind1=" " ind2=" ">
    <subfield code="5">z</subfield>
    <subfield code="0">Édite : </subfield>
    <subfield code="3">13930874</subfield>
    <subfield code="a">RooArt</subfield>
  </datafield>
  <datafield tag="516" ind1=" " ind2=" ">
    <subfield code="5">z</subfield>
    <subfield code="0">Édite : </subfield>
    <subfield code="3">13877562</subfield>
    <subfield code="a">Stax</subfield>
  </datafield>
  <datafield tag="516" ind1=" " ind2=" ">
    <subfield code="5">z</subfield>
    <subfield code="0">Édite : </subfield>
    <subfield code="3">13955126</subfield>
    <subfield code="a">Motown-Rhino</subfield>
  </datafield>
  <datafield tag="516" ind1=" " ind2=" ">
    <subfield code="5">z</subfield>
    <subfield code="0">Édite : </subfield>
    <subfield code="3">13873663</subfield>
    <subfield code="a">Anxious</subfield>
  </datafield>
  <datafield tag="516" ind1=" " ind2=" ">
    <subfield code="5">z</subfield>
    <subfield code="0">Édite : </subfield>
    <subfield code="3">13955127</subfield>
    <subfield code="a">Atlantic-Atco</subfield>
  </datafield>
  <datafield tag="516" ind1=" " ind2=" ">
    <subfield code="5">z</subfield>
    <subfield code="0">Édite : </subfield>
    <subfield code="3">13955128</subfield>
    <subfield code="a">East West-Gini</subfield>
  </datafield>
  <datafield tag="516" ind1=" " ind2=" ">
    <subfield code="5">z</subfield>
    <subfield code="0">Édite : </subfield>
    <subfield code="3">13875633</subfield>
    <subfield code="a">Elektra-Sub Pop</subfield>
  </datafield>
  <datafield tag="516" ind1=" " ind2=" ">
    <subfield code="5">z</subfield>
    <subfield code="0">Édite : </subfield>
    <subfield code="3">13955129</subfield>
    <subfield code="a">East West-Mo Jam</subfield>
  </datafield>
  <datafield tag="516" ind1=" " ind2=" ">
    <subfield code="5">z</subfield>
    <subfield code="0">Édite : </subfield>
    <subfield code="3">13955130</subfield>
    <subfield code="a">RooArt Australian</subfield>
  </datafield>
  <datafield tag="516" ind1=" " ind2=" ">
    <subfield code="5">z</subfield>
    <subfield code="0">Édite : </subfield>
    <subfield code="3">13949540</subfield>
    <subfield code="a">Warner Bros-Loka</subfield>
  </datafield>
  <datafield tag="516" ind1=" " ind2=" ">
    <subfield code="5">z</subfield>
    <subfield code="0">Édite : </subfield>
    <subfield code="3">13877441</subfield>
    <subfield code="a">Sire-Reprise</subfield>
  </datafield>
  <datafield tag="516" ind1=" " ind2=" ">
    <subfield code="5">z</subfield>
    <subfield code="0">Édite : </subfield>
    <subfield code="3">13955529</subfield>
    <subfield code="a">Wea-Some Bizzare</subfield>
  </datafield>
  <datafield tag="516" ind1=" " ind2=" ">
    <subfield code="5">z</subfield>
    <subfield code="0">Édite : </subfield>
    <subfield code="3">13955531</subfield>
    <subfield code="a">Elektra-Keia</subfield>
  </datafield>
  <datafield tag="516" ind1=" " ind2=" ">
    <subfield code="5">z</subfield>
    <subfield code="0">Édite : </subfield>
    <subfield code="3">13955538</subfield>
    <subfield code="a">Red Dot</subfield>
  </datafield>
  <datafield tag="516" ind1=" " ind2=" ">
    <subfield code="5">z</subfield>
    <subfield code="0">Édite : </subfield>
    <subfield code="3">13955539</subfield>
    <subfield code="a">Sire-Reprise-Maverick</subfield>
  </datafield>
  <datafield tag="516" ind1=" " ind2=" ">
    <subfield code="5">z</subfield>
    <subfield code="0">Édite : </subfield>
    <subfield code="3">13873762</subfield>
    <subfield code="a">Asylum records</subfield>
  </datafield>
  <datafield tag="516" ind1=" " ind2=" ">
    <subfield code="5">z</subfield>
    <subfield code="0">Édite : </subfield>
    <subfield code="3">13876055</subfield>
    <subfield code="a">Korova</subfield>
  </datafield>
  <datafield tag="516" ind1=" " ind2=" ">
    <subfield code="5">z</subfield>
    <subfield code="0">Édite : </subfield>
    <subfield code="3">13876673</subfield>
    <subfield code="a">Nonesuch</subfield>
  </datafield>
  <datafield tag="516" ind1=" " ind2=" ">
    <subfield code="5">z</subfield>
    <subfield code="0">Édite : </subfield>
    <subfield code="3">13876788</subfield>
    <subfield code="a">Paisley Park</subfield>
  </datafield>
  <datafield tag="516" ind1=" " ind2=" ">
    <subfield code="5">z</subfield>
    <subfield code="0">Édite : </subfield>
    <subfield code="3">13877057</subfield>
    <subfield code="a">Reprise-Qwest</subfield>
  </datafield>
  <datafield tag="516" ind1=" " ind2=" ">
    <subfield code="5">z</subfield>
    <subfield code="0">Édite : </subfield>
    <subfield code="3">13875171</subfield>
    <subfield code="a">Duck</subfield>
  </datafield>
  <datafield tag="516" ind1=" " ind2=" ">
    <subfield code="5">z</subfield>
    <subfield code="0">Édite : </subfield>
    <subfield code="3">13876370</subfield>
    <subfield code="a">Megaforce Worldwide</subfield>
  </datafield>
  <datafield tag="516" ind1=" " ind2=" ">
    <subfield code="5">z</subfield>
    <subfield code="0">Édite : </subfield>
    <subfield code="3">13875705</subfield>
    <subfield code="a">Interscope-Death Row</subfield>
  </datafield>
  <datafield tag="516" ind1=" " ind2=" ">
    <subfield code="5">z</subfield>
    <subfield code="0">Édite : </subfield>
    <subfield code="3">13875707</subfield>
    <subfield code="a">Atlantic-Big Beat</subfield>
  </datafield>
  <datafield tag="516" ind1=" " ind2=" ">
    <subfield code="5">z</subfield>
    <subfield code="0">Édite : </subfield>
    <subfield code="3">13875724</subfield>
    <subfield code="a">East West-Mammoth</subfield>
  </datafield>
  <datafield tag="516" ind1=" " ind2=" ">
    <subfield code="5">z</subfield>
    <subfield code="0">Édite : </subfield>
    <subfield code="3">13875764</subfield>
    <subfield code="a">East West-GMC</subfield>
  </datafield>
  <datafield tag="516" ind1=" " ind2=" ">
    <subfield code="5">z</subfield>
    <subfield code="0">Édite : </subfield>
    <subfield code="3">13875767</subfield>
    <subfield code="a">East West-Bronze</subfield>
  </datafield>
  <datafield tag="516" ind1=" " ind2=" ">
    <subfield code="5">z</subfield>
    <subfield code="0">Édite : </subfield>
    <subfield code="3">13875769</subfield>
    <subfield code="a">Waxworld</subfield>
  </datafield>
  <datafield tag="516" ind1=" " ind2=" ">
    <subfield code="5">z</subfield>
    <subfield code="0">Édite : </subfield>
    <subfield code="3">13876405</subfield>
    <subfield code="a">Reprise-Giant Step</subfield>
  </datafield>
  <datafield tag="516" ind1=" " ind2=" ">
    <subfield code="5">z</subfield>
    <subfield code="0">Édite : </subfield>
    <subfield code="3">13876516</subfield>
    <subfield code="a">Atlantic-IMS</subfield>
  </datafield>
  <datafield tag="516" ind1=" " ind2=" ">
    <subfield code="5">z</subfield>
    <subfield code="0">Édite : </subfield>
    <subfield code="3">13876527</subfield>
    <subfield code="a">Atlantic-Nelson Larkin</subfield>
  </datafield>
  <datafield tag="516" ind1=" " ind2=" ">
    <subfield code="5">z</subfield>
    <subfield code="0">Édite : </subfield>
    <subfield code="3">13956045</subfield>
    <subfield code="a">Atlantic Rhino</subfield>
  </datafield>
  <datafield tag="516" ind1=" " ind2=" ">
    <subfield code="5">z</subfield>
    <subfield code="0">Édite : </subfield>
    <subfield code="3">13876537</subfield>
    <subfield code="a">Rhino-Atco</subfield>
  </datafield>
  <datafield tag="516" ind1=" " ind2=" ">
    <subfield code="5">z</subfield>
    <subfield code="0">Édite : </subfield>
    <subfield code="3">13876540</subfield>
    <subfield code="a">Atlantic-Blitzz</subfield>
  </datafield>
  <datafield tag="516" ind1=" " ind2=" ">
    <subfield code="5">z</subfield>
    <subfield code="0">Édite : </subfield>
    <subfield code="3">13964750</subfield>
    <subfield code="a">WEA-Korova</subfield>
  </datafield>
  <datafield tag="516" ind1=" " ind2=" ">
    <subfield code="5">z</subfield>
    <subfield code="0">Édite : </subfield>
    <subfield code="3">13876933</subfield>
    <subfield code="a">WEA-Telegram-MVG</subfield>
  </datafield>
  <datafield tag="516" ind1=" " ind2=" ">
    <subfield code="5">z</subfield>
    <subfield code="0">Édite : </subfield>
    <subfield code="3">13965018</subfield>
    <subfield code="a">Elektra-Asylum</subfield>
  </datafield>
  <datafield tag="516" ind1=" " ind2=" ">
    <subfield code="5">z</subfield>
    <subfield code="0">Édite : </subfield>
    <subfield code="3">13965530</subfield>
    <subfield code="a">Spider</subfield>
  </datafield>
  <datafield tag="516" ind1=" " ind2=" ">
    <subfield code="5">z</subfield>
    <subfield code="0">Édite : </subfield>
    <subfield code="3">13965593</subfield>
    <subfield code="a">Magnet-Fxu</subfield>
  </datafield>
  <datafield tag="516" ind1=" " ind2=" ">
    <subfield code="5">z</subfield>
    <subfield code="0">Édite : </subfield>
    <subfield code="3">13966128</subfield>
    <subfield code="a">Wea-Mvg-Telegraph</subfield>
  </datafield>
  <datafield tag="516" ind1=" " ind2=" ">
    <subfield code="5">z</subfield>
    <subfield code="0">Édite : </subfield>
    <subfield code="3">13877394</subfield>
    <subfield code="a">East West America</subfield>
  </datafield>
  <datafield tag="516" ind1=" " ind2=" ">
    <subfield code="5">z</subfield>
    <subfield code="0">Édite : </subfield>
    <subfield code="3">13877681</subfield>
    <subfield code="a">East west-Delicious vinyl</subfield>
  </datafield>
  <datafield tag="516" ind1=" " ind2=" ">
    <subfield code="5">z</subfield>
    <subfield code="0">Édite : </subfield>
    <subfield code="3">13877408</subfield>
    <subfield code="a">Delicious vinyl</subfield>
  </datafield>
  <datafield tag="516" ind1=" " ind2=" ">
    <subfield code="5">z</subfield>
    <subfield code="0">Édite : </subfield>
    <subfield code="3">13877711</subfield>
    <subfield code="a">East west-Telegram</subfield>
  </datafield>
  <datafield tag="516" ind1=" " ind2=" ">
    <subfield code="5">z</subfield>
    <subfield code="0">Édite : </subfield>
    <subfield code="3">13877409</subfield>
    <subfield code="a">Atlantic-Big beat-Assault</subfield>
  </datafield>
  <datafield tag="516" ind1=" " ind2=" ">
    <subfield code="5">z</subfield>
    <subfield code="0">Édite : </subfield>
    <subfield code="3">13877413</subfield>
    <subfield code="a">Atlantic-Icon</subfield>
  </datafield>
  <datafield tag="516" ind1=" " ind2=" ">
    <subfield code="5">z</subfield>
    <subfield code="0">Édite : </subfield>
    <subfield code="3">13877424</subfield>
    <subfield code="a">Atlantic-Interscope-Tnt</subfield>
  </datafield>
  <datafield tag="516" ind1=" " ind2=" ">
    <subfield code="5">z</subfield>
    <subfield code="0">Édite : </subfield>
    <subfield code="3">13877429</subfield>
    <subfield code="a">Eye</subfield>
  </datafield>
  <datafield tag="516" ind1=" " ind2=" ">
    <subfield code="5">z</subfield>
    <subfield code="0">Édite : </subfield>
    <subfield code="3">13877449</subfield>
    <subfield code="a">Autarc</subfield>
  </datafield>
  <datafield tag="516" ind1=" " ind2=" ">
    <subfield code="5">z</subfield>
    <subfield code="0">Édite : </subfield>
    <subfield code="3">13877454</subfield>
    <subfield code="a">Dro</subfield>
  </datafield>
  <datafield tag="516" ind1=" " ind2=" ">
    <subfield code="5">z</subfield>
    <subfield code="0">Édite : </subfield>
    <subfield code="3">13877616</subfield>
    <subfield code="a">China-Psycho</subfield>
  </datafield>
  <datafield tag="516" ind1=" " ind2=" ">
    <subfield code="5">z</subfield>
    <subfield code="0">Édite : </subfield>
    <subfield code="3">13877627</subfield>
    <subfield code="a">Elektra-Mötley</subfield>
  </datafield>
  <datafield tag="516" ind1=" " ind2=" ">
    <subfield code="5">z</subfield>
    <subfield code="0">Édite : </subfield>
    <subfield code="3">13967944</subfield>
    <subfield code="a">East West-Tommy Boy</subfield>
  </datafield>
  <datafield tag="516" ind1=" " ind2=" ">
    <subfield code="5">z</subfield>
    <subfield code="0">Édite : </subfield>
    <subfield code="3">13967985</subfield>
    <subfield code="a">East West-Code blue</subfield>
  </datafield>
  <datafield tag="516" ind1=" " ind2=" ">
    <subfield code="5">z</subfield>
    <subfield code="0">Édite : </subfield>
    <subfield code="3">13967990</subfield>
    <subfield code="a">Atlantic-Interscope-Nothing</subfield>
  </datafield>
  <datafield tag="516" ind1=" " ind2=" ">
    <subfield code="5">z</subfield>
    <subfield code="0">Édite : </subfield>
    <subfield code="3">13957208</subfield>
    <subfield code="a">Eye Q</subfield>
  </datafield>
  <datafield tag="516" ind1=" " ind2=" ">
    <subfield code="5">z</subfield>
    <subfield code="0">Édite : </subfield>
    <subfield code="3">13968220</subfield>
    <subfield code="a">WB-Western</subfield>
  </datafield>
  <datafield tag="516" ind1=" " ind2=" ">
    <subfield code="5">z</subfield>
    <subfield code="0">Édite : </subfield>
    <subfield code="3">13877233</subfield>
    <subfield code="a">Atlantic-Interscope-ZTT</subfield>
  </datafield>
  <datafield tag="516" ind1=" " ind2=" ">
    <subfield code="5">z</subfield>
    <subfield code="0">Édite : </subfield>
    <subfield code="3">13969345</subfield>
    <subfield code="a">Eastern Bloc</subfield>
  </datafield>
  <datafield tag="516" ind1=" " ind2=" ">
    <subfield code="5">z</subfield>
    <subfield code="0">Édite : </subfield>
    <subfield code="3">13877262</subfield>
    <subfield code="a">Atlantic-Interscope-Noise amphetamine reptile</subfield>
  </datafield>
  <datafield tag="516" ind1=" " ind2=" ">
    <subfield code="5">z</subfield>
    <subfield code="0">Édite : </subfield>
    <subfield code="3">13969371</subfield>
    <subfield code="a">Atlantic-Mammoth</subfield>
  </datafield>
  <datafield tag="516" ind1=" " ind2=" ">
    <subfield code="5">z</subfield>
    <subfield code="0">Édite : </subfield>
    <subfield code="3">13969372</subfield>
    <subfield code="a">East West-Trevel</subfield>
  </datafield>
  <datafield tag="516" ind1=" " ind2=" ">
    <subfield code="5">z</subfield>
    <subfield code="0">Édite : </subfield>
    <subfield code="3">13969373</subfield>
    <subfield code="a">Atlantic-North South</subfield>
  </datafield>
  <datafield tag="516" ind1=" " ind2=" ">
    <subfield code="5">z</subfield>
    <subfield code="0">Édite : </subfield>
    <subfield code="3">13877299</subfield>
    <subfield code="7">ba0yba0y</subfield>
    <subfield code="8">fre   </subfield>
    <subfield code="a">East West-CGD</subfield>
  </datafield>
  <datafield tag="516" ind1=" " ind2=" ">
    <subfield code="5">z</subfield>
    <subfield code="0">Édite : </subfield>
    <subfield code="3">13964073</subfield>
    <subfield code="a">Atlantic-143</subfield>
  </datafield>
  <datafield tag="516" ind1=" " ind2=" ">
    <subfield code="5">z</subfield>
    <subfield code="0">Édite : </subfield>
    <subfield code="3">13969782</subfield>
    <subfield code="a">Matador</subfield>
  </datafield>
  <datafield tag="516" ind1=" " ind2=" ">
    <subfield code="5">z</subfield>
    <subfield code="0">Édite : </subfield>
    <subfield code="3">13970497</subfield>
    <subfield code="a">Reprise-Qwest-Joke</subfield>
  </datafield>
  <datafield tag="516" ind1=" " ind2=" ">
    <subfield code="5">z</subfield>
    <subfield code="0">Édite : </subfield>
    <subfield code="3">13875244</subfield>
    <subfield code="a">Elektra-Musician</subfield>
  </datafield>
  <datafield tag="516" ind1=" " ind2=" ">
    <subfield code="5">z</subfield>
    <subfield code="0">Édite : </subfield>
    <subfield code="3">13971550</subfield>
    <subfield code="a">China-Equation</subfield>
  </datafield>
  <datafield tag="516" ind1=" " ind2=" ">
    <subfield code="5">z</subfield>
    <subfield code="0">Édite : </subfield>
    <subfield code="3">13971551</subfield>
    <subfield code="a">WB-Unplugged</subfield>
  </datafield>
  <datafield tag="516" ind1=" " ind2=" ">
    <subfield code="5">z</subfield>
    <subfield code="0">Édite : </subfield>
    <subfield code="3">13927107</subfield>
    <subfield code="a">Atlantic-Anthem</subfield>
  </datafield>
  <datafield tag="516" ind1=" " ind2=" ">
    <subfield code="5">z</subfield>
    <subfield code="0">Édite : </subfield>
    <subfield code="3">13971561</subfield>
    <subfield code="a">WEA-Spacejunk</subfield>
  </datafield>
  <datafield tag="516" ind1=" " ind2=" ">
    <subfield code="5">z</subfield>
    <subfield code="0">Édite : </subfield>
    <subfield code="3">13972422</subfield>
    <subfield code="a">Atlantic-Big Screen</subfield>
  </datafield>
  <datafield tag="516" ind1=" " ind2=" ">
    <subfield code="5">z</subfield>
    <subfield code="0">Édite : </subfield>
    <subfield code="3">13974629</subfield>
    <subfield code="a">Atlantic-Interscope-Trauma</subfield>
  </datafield>
  <datafield tag="516" ind1=" " ind2=" ">
    <subfield code="5">z</subfield>
    <subfield code="0">Édite : </subfield>
    <subfield code="3">13974630</subfield>
    <subfield code="a">East West-Mecca Don</subfield>
  </datafield>
  <datafield tag="516" ind1=" " ind2=" ">
    <subfield code="5">z</subfield>
    <subfield code="0">Édite : </subfield>
    <subfield code="3">13974635</subfield>
    <subfield code="a">Atlantic-East West-Mo Jam</subfield>
  </datafield>
  <datafield tag="516" ind1=" " ind2=" ">
    <subfield code="5">z</subfield>
    <subfield code="0">Édite : </subfield>
    <subfield code="3">13974639</subfield>
    <subfield code="a">Atlantic-Select</subfield>
  </datafield>
  <datafield tag="516" ind1=" " ind2=" ">
    <subfield code="5">z</subfield>
    <subfield code="0">Édite : </subfield>
    <subfield code="3">13975042</subfield>
    <subfield code="a">East West-MVG</subfield>
  </datafield>
  <datafield tag="516" ind1=" " ind2=" ">
    <subfield code="5">z</subfield>
    <subfield code="0">Édite : </subfield>
    <subfield code="3">13975360</subfield>
    <subfield code="a">Elektra-Swell</subfield>
  </datafield>
  <datafield tag="516" ind1=" " ind2=" ">
    <subfield code="5">z</subfield>
    <subfield code="0">Édite : </subfield>
    <subfield code="3">13975363</subfield>
    <subfield code="a">Sire-Maverick-Lifestyles</subfield>
  </datafield>
  <datafield tag="516" ind1=" " ind2=" ">
    <subfield code="5">z</subfield>
    <subfield code="0">Édite : </subfield>
    <subfield code="3">13975406</subfield>
    <subfield code="a">Labello</subfield>
  </datafield>
  <datafield tag="516" ind1=" " ind2=" ">
    <subfield code="5">z</subfield>
    <subfield code="0">Édite : </subfield>
    <subfield code="3">13975407</subfield>
    <subfield code="a">Icon</subfield>
  </datafield>
  <datafield tag="516" ind1=" " ind2=" ">
    <subfield code="5">z</subfield>
    <subfield code="0">Édite : </subfield>
    <subfield code="3">13975408</subfield>
    <subfield code="a">East West-Skene</subfield>
  </datafield>
  <datafield tag="516" ind1=" " ind2=" ">
    <subfield code="5">z</subfield>
    <subfield code="0">Édite : </subfield>
    <subfield code="3">13976390</subfield>
    <subfield code="a">WB-Graphics</subfield>
  </datafield>
  <datafield tag="516" ind1=" " ind2=" ">
    <subfield code="5">z</subfield>
    <subfield code="0">Édite : </subfield>
    <subfield code="3">13976590</subfield>
    <subfield code="a">WEA-N Gram</subfield>
  </datafield>
  <datafield tag="516" ind1=" " ind2=" ">
    <subfield code="5">z</subfield>
    <subfield code="0">Édite : </subfield>
    <subfield code="3">13976625</subfield>
    <subfield code="a">Atlantic-Rising Storm</subfield>
  </datafield>
  <datafield tag="516" ind1=" " ind2=" ">
    <subfield code="5">z</subfield>
    <subfield code="0">Édite : </subfield>
    <subfield code="3">13976642</subfield>
    <subfield code="a">Interscope-Trauma</subfield>
  </datafield>
  <datafield tag="516" ind1=" " ind2=" ">
    <subfield code="5">z</subfield>
    <subfield code="0">Édite : </subfield>
    <subfield code="3">13977305</subfield>
    <subfield code="a">Atlantic-Celtic Heartbeat</subfield>
  </datafield>
  <datafield tag="516" ind1=" " ind2=" ">
    <subfield code="5">z</subfield>
    <subfield code="0">Édite : </subfield>
    <subfield code="3">13977460</subfield>
    <subfield code="a">Atlantic-East West</subfield>
  </datafield>
  <datafield tag="516" ind1=" " ind2=" ">
    <subfield code="5">z</subfield>
    <subfield code="0">Édite : </subfield>
    <subfield code="3">13977461</subfield>
    <subfield code="a">East West-Flaw</subfield>
  </datafield>
  <datafield tag="516" ind1=" " ind2=" ">
    <subfield code="5">z</subfield>
    <subfield code="0">Édite : </subfield>
    <subfield code="3">13977484</subfield>
    <subfield code="a">East West-Perfecto</subfield>
  </datafield>
  <datafield tag="516" ind1=" " ind2=" ">
    <subfield code="5">z</subfield>
    <subfield code="0">Édite : </subfield>
    <subfield code="3">13977526</subfield>
    <subfield code="a">Atco-Modern</subfield>
  </datafield>
  <datafield tag="516" ind1=" " ind2=" ">
    <subfield code="5">z</subfield>
    <subfield code="0">Édite : </subfield>
    <subfield code="3">13977702</subfield>
    <subfield code="a">Reprise Archives</subfield>
  </datafield>
  <datafield tag="516" ind1=" " ind2=" ">
    <subfield code="5">z</subfield>
    <subfield code="0">Édite : </subfield>
    <subfield code="3">13875436</subfield>
    <subfield code="a">Finlandia</subfield>
  </datafield>
  <datafield tag="516" ind1=" " ind2=" ">
    <subfield code="5">z</subfield>
    <subfield code="0">Édite : </subfield>
    <subfield code="3">13876552</subfield>
    <subfield code="a">Musicraft</subfield>
  </datafield>
  <datafield tag="516" ind1=" " ind2=" ">
    <subfield code="5">z</subfield>
    <subfield code="0">Édite : </subfield>
    <subfield code="3">13978307</subfield>
    <subfield code="a">Maverick-Reprise</subfield>
  </datafield>
  <datafield tag="516" ind1=" " ind2=" ">
    <subfield code="5">z</subfield>
    <subfield code="0">Édite : </subfield>
    <subfield code="3">13978313</subfield>
    <subfield code="a">Squint</subfield>
  </datafield>
  <datafield tag="516" ind1=" " ind2=" ">
    <subfield code="5">z</subfield>
    <subfield code="0">Édite : </subfield>
    <subfield code="3">13977457</subfield>
    <subfield code="a">East West-Orlando</subfield>
  </datafield>
  <datafield tag="516" ind1=" " ind2=" ">
    <subfield code="5">z</subfield>
    <subfield code="0">Édite : </subfield>
    <subfield code="3">13974652</subfield>
    <subfield code="a">Public Demand</subfield>
  </datafield>
  <datafield tag="516" ind1=" " ind2=" ">
    <subfield code="5">z</subfield>
    <subfield code="0">Édite : </subfield>
    <subfield code="3">13875129</subfield>
    <subfield code="a">Discovery</subfield>
  </datafield>
  <datafield tag="516" ind1=" " ind2=" ">
    <subfield code="5">z</subfield>
    <subfield code="0">Édite : </subfield>
    <subfield code="3">13952909</subfield>
    <subfield code="a">Debut</subfield>
  </datafield>
  <datafield tag="516" ind1=" " ind2=" ">
    <subfield code="5">z</subfield>
    <subfield code="0">Édite : </subfield>
    <subfield code="3">13875554</subfield>
    <subfield code="a">Galaxy</subfield>
  </datafield>
  <datafield tag="516" ind1=" " ind2=" ">
    <subfield code="5">z</subfield>
    <subfield code="0">Édite : </subfield>
    <subfield code="3">13936493</subfield>
    <subfield code="a">Ars</subfield>
  </datafield>
  <datafield tag="516" ind1=" " ind2=" ">
    <subfield code="5">z</subfield>
    <subfield code="0">Édite : </subfield>
    <subfield code="3">13977699</subfield>
    <subfield code="a">Downbeat</subfield>
  </datafield>
  <datafield tag="516" ind1=" " ind2=" ">
    <subfield code="5">z</subfield>
    <subfield code="0">Édite : </subfield>
    <subfield code="3">13979232</subfield>
    <subfield code="a">Atlantic-Tag</subfield>
  </datafield>
  <datafield tag="516" ind1=" " ind2=" ">
    <subfield code="5">z</subfield>
    <subfield code="0">Édite : </subfield>
    <subfield code="3">13979356</subfield>
    <subfield code="a">Atlantic-Interscope-Lexington House</subfield>
  </datafield>
  <datafield tag="516" ind1=" " ind2=" ">
    <subfield code="5">z</subfield>
    <subfield code="0">Édite : </subfield>
    <subfield code="3">13979402</subfield>
    <subfield code="a">East West-Blanco Y Negro</subfield>
  </datafield>
  <datafield tag="516" ind1=" " ind2=" ">
    <subfield code="5">z</subfield>
    <subfield code="0">Édite : </subfield>
    <subfield code="3">13979403</subfield>
    <subfield code="a">East West-Atlantic &amp; Atco-Rhino</subfield>
  </datafield>
  <datafield tag="516" ind1=" " ind2=" ">
    <subfield code="5">z</subfield>
    <subfield code="0">Édite : </subfield>
    <subfield code="3">13979404</subfield>
    <subfield code="a">Atlantic-Island</subfield>
  </datafield>
  <datafield tag="516" ind1=" " ind2=" ">
    <subfield code="5">z</subfield>
    <subfield code="0">Édite : </subfield>
    <subfield code="3">13979407</subfield>
    <subfield code="a">East West-Geto Groove</subfield>
  </datafield>
  <datafield tag="516" ind1=" " ind2=" ">
    <subfield code="5">z</subfield>
    <subfield code="0">Édite : </subfield>
    <subfield code="3">13979408</subfield>
    <subfield code="a">Atlantic-Fox</subfield>
  </datafield>
  <datafield tag="516" ind1=" " ind2=" ">
    <subfield code="5">z</subfield>
    <subfield code="0">Édite : </subfield>
    <subfield code="3">13977481</subfield>
    <subfield code="a">Continental</subfield>
  </datafield>
  <datafield tag="516" ind1=" " ind2=" ">
    <subfield code="5">z</subfield>
    <subfield code="0">Édite : </subfield>
    <subfield code="3">13980213</subfield>
    <subfield code="a">Maad-Dance Syndicate</subfield>
  </datafield>
  <datafield tag="516" ind1=" " ind2=" ">
    <subfield code="5">z</subfield>
    <subfield code="0">Édite : </subfield>
    <subfield code="3">13980214</subfield>
    <subfield code="a">WB-Maverick</subfield>
  </datafield>
  <datafield tag="516" ind1=" " ind2=" ">
    <subfield code="5">z</subfield>
    <subfield code="0">Édite : </subfield>
    <subfield code="3">13980222</subfield>
    <subfield code="a">Nonesuch-Roxbury</subfield>
  </datafield>
  <datafield tag="516" ind1=" " ind2=" ">
    <subfield code="5">z</subfield>
    <subfield code="0">Édite : </subfield>
    <subfield code="3">13980227</subfield>
    <subfield code="a">WEA-Dig it International-Eternal</subfield>
  </datafield>
  <datafield tag="516" ind1=" " ind2=" ">
    <subfield code="5">z</subfield>
    <subfield code="0">Édite : </subfield>
    <subfield code="3">13980228</subfield>
    <subfield code="a">WB-Upstairs</subfield>
  </datafield>
  <datafield tag="516" ind1=" " ind2=" ">
    <subfield code="5">z</subfield>
    <subfield code="0">Édite : </subfield>
    <subfield code="3">13981404</subfield>
    <subfield code="a">WB-Metal Blade</subfield>
  </datafield>
  <datafield tag="516" ind1=" " ind2=" ">
    <subfield code="5">z</subfield>
    <subfield code="0">Édite : </subfield>
    <subfield code="3">13981461</subfield>
    <subfield code="a">WEA-Club Culture</subfield>
  </datafield>
  <datafield tag="516" ind1=" " ind2=" ">
    <subfield code="5">z</subfield>
    <subfield code="0">Édite : </subfield>
    <subfield code="3">13931373</subfield>
    <subfield code="a">Musifrance</subfield>
  </datafield>
  <datafield tag="516" ind1=" " ind2=" ">
    <subfield code="5">z</subfield>
    <subfield code="0">Édite : </subfield>
    <subfield code="3">13982678</subfield>
    <subfield code="a">Warner Bros-Nonesuch</subfield>
  </datafield>
  <datafield tag="516" ind1=" " ind2=" ">
    <subfield code="5">z</subfield>
    <subfield code="0">Édite : </subfield>
    <subfield code="3">13982682</subfield>
    <subfield code="a">WEA-Warner Music Brasil</subfield>
  </datafield>
  <datafield tag="516" ind1=" " ind2=" ">
    <subfield code="5">z</subfield>
    <subfield code="0">Édite : </subfield>
    <subfield code="3">13982766</subfield>
    <subfield code="a">Warner Bros-Malpaso</subfield>
  </datafield>
  <datafield tag="516" ind1=" " ind2=" ">
    <subfield code="5">z</subfield>
    <subfield code="0">Édite : </subfield>
    <subfield code="3">13982801</subfield>
    <subfield code="a">East West-Autarc</subfield>
  </datafield>
  <datafield tag="516" ind1=" " ind2=" ">
    <subfield code="5">z</subfield>
    <subfield code="0">Édite : </subfield>
    <subfield code="3">13982803</subfield>
    <subfield code="a">East West-Elektra</subfield>
  </datafield>
  <datafield tag="516" ind1=" " ind2=" ">
    <subfield code="5">z</subfield>
    <subfield code="0">Édite : </subfield>
    <subfield code="3">13982804</subfield>
    <subfield code="a">East West-DRO</subfield>
  </datafield>
  <datafield tag="516" ind1=" " ind2=" ">
    <subfield code="5">z</subfield>
    <subfield code="0">Édite : </subfield>
    <subfield code="3">13982805</subfield>
    <subfield code="a">Labello-PWL</subfield>
  </datafield>
  <datafield tag="516" ind1=" " ind2=" ">
    <subfield code="5">z</subfield>
    <subfield code="0">Édite : </subfield>
    <subfield code="3">13982821</subfield>
    <subfield code="a">Acid Jazz-Roots</subfield>
  </datafield>
  <datafield tag="516" ind1=" " ind2=" ">
    <subfield code="5">z</subfield>
    <subfield code="0">Édite : </subfield>
    <subfield code="3">13982822</subfield>
    <subfield code="a">Acid Jazz-East West</subfield>
  </datafield>
  <datafield tag="516" ind1=" " ind2=" ">
    <subfield code="5">z</subfield>
    <subfield code="0">Édite : </subfield>
    <subfield code="3">13982823</subfield>
    <subfield code="7">ba0yba0y</subfield>
    <subfield code="8">fre   </subfield>
    <subfield code="a">Lava</subfield>
  </datafield>
  <datafield tag="516" ind1=" " ind2=" ">
    <subfield code="5">z</subfield>
    <subfield code="0">Édite : </subfield>
    <subfield code="3">13876369</subfield>
    <subfield code="7">ba0yba0y</subfield>
    <subfield code="8">fre   </subfield>
    <subfield code="a">Mega</subfield>
    <subfield code="c">Danemark</subfield>
  </datafield>
  <datafield tag="516" ind1=" " ind2=" ">
    <subfield code="5">z</subfield>
    <subfield code="0">Édite : </subfield>
    <subfield code="3">13975365</subfield>
    <subfield code="a">Embryo</subfield>
  </datafield>
  <datafield tag="516" ind1=" " ind2=" ">
    <subfield code="5">z</subfield>
    <subfield code="0">Édite : </subfield>
    <subfield code="3">13984393</subfield>
    <subfield code="a">Downbeat jungle</subfield>
  </datafield>
  <datafield tag="516" ind1=" " ind2=" ">
    <subfield code="5">z</subfield>
    <subfield code="0">Édite : </subfield>
    <subfield code="3">13984524</subfield>
    <subfield code="a">Mega-Smart</subfield>
  </datafield>
  <datafield tag="516" ind1=" " ind2=" ">
    <subfield code="5">z</subfield>
    <subfield code="0">Édite : </subfield>
    <subfield code="3">13984556</subfield>
    <subfield code="a">Warner Bros-NPG</subfield>
  </datafield>
  <datafield tag="516" ind1=" " ind2=" ">
    <subfield code="5">z</subfield>
    <subfield code="0">Édite : </subfield>
    <subfield code="3">13984558</subfield>
    <subfield code="a">Elektra-Wu Tang</subfield>
  </datafield>
  <datafield tag="516" ind1=" " ind2=" ">
    <subfield code="5">z</subfield>
    <subfield code="0">Édite : </subfield>
    <subfield code="3">13984560</subfield>
    <subfield code="a">WEA-Roslan Aziz</subfield>
  </datafield>
  <datafield tag="516" ind1=" " ind2=" ">
    <subfield code="5">z</subfield>
    <subfield code="0">Édite : </subfield>
    <subfield code="3">13988661</subfield>
    <subfield code="a">Dali</subfield>
  </datafield>
  <datafield tag="516" ind1=" " ind2=" ">
    <subfield code="5">z</subfield>
    <subfield code="0">Édite : </subfield>
    <subfield code="3">13989573</subfield>
    <subfield code="a">Wea-Ferocious</subfield>
  </datafield>
  <datafield tag="516" ind1=" " ind2=" ">
    <subfield code="5">z</subfield>
    <subfield code="0">Édite : </subfield>
    <subfield code="3">13989581</subfield>
    <subfield code="a">Premeditated</subfield>
  </datafield>
  <datafield tag="516" ind1=" " ind2=" ">
    <subfield code="5">z</subfield>
    <subfield code="0">Édite : </subfield>
    <subfield code="3">13989603</subfield>
    <subfield code="a">Club Culture</subfield>
  </datafield>
  <datafield tag="516" ind1=" " ind2=" ">
    <subfield code="5">z</subfield>
    <subfield code="0">Édite : </subfield>
    <subfield code="3">13989680</subfield>
    <subfield code="a">Stax-Enterprise</subfield>
  </datafield>
  <datafield tag="516" ind1=" " ind2=" ">
    <subfield code="5">z</subfield>
    <subfield code="0">Édite : </subfield>
    <subfield code="3">13989682</subfield>
    <subfield code="a">Atlantic-Lava-143</subfield>
  </datafield>
  <datafield tag="516" ind1=" " ind2=" ">
    <subfield code="5">z</subfield>
    <subfield code="0">Édite : </subfield>
    <subfield code="3">13989739</subfield>
    <subfield code="a">Premeditated-Iceberg</subfield>
  </datafield>
  <datafield tag="516" ind1=" " ind2=" ">
    <subfield code="5">z</subfield>
    <subfield code="0">Édite : </subfield>
    <subfield code="3">13948157</subfield>
    <subfield code="a">Wea-ufo</subfield>
  </datafield>
  <datafield tag="516" ind1=" " ind2=" ">
    <subfield code="5">z</subfield>
    <subfield code="0">Édite : </subfield>
    <subfield code="3">13989747</subfield>
    <subfield code="a">Warner Bros-Curb</subfield>
  </datafield>
  <datafield tag="516" ind1=" " ind2=" ">
    <subfield code="5">z</subfield>
    <subfield code="0">Édite : </subfield>
    <subfield code="3">13989933</subfield>
    <subfield code="a">Dig it international</subfield>
  </datafield>
  <datafield tag="516" ind1=" " ind2=" ">
    <subfield code="5">z</subfield>
    <subfield code="0">Édite : </subfield>
    <subfield code="3">13878160</subfield>
    <subfield code="a">WEA-Mambo</subfield>
  </datafield>
  <datafield tag="516" ind1=" " ind2=" ">
    <subfield code="5">z</subfield>
    <subfield code="0">Édite : </subfield>
    <subfield code="3">13992107</subfield>
    <subfield code="a">Elektra-Violator-Flipmode</subfield>
  </datafield>
  <datafield tag="516" ind1=" " ind2=" ">
    <subfield code="5">z</subfield>
    <subfield code="0">Édite : </subfield>
    <subfield code="3">13992151</subfield>
    <subfield code="a">East West-Flavour unit</subfield>
  </datafield>
  <datafield tag="516" ind1=" " ind2=" ">
    <subfield code="5">z</subfield>
    <subfield code="0">Édite : </subfield>
    <subfield code="3">13992155</subfield>
    <subfield code="a">Harthouse</subfield>
  </datafield>
  <datafield tag="516" ind1=" " ind2=" ">
    <subfield code="5">z</subfield>
    <subfield code="0">Édite : </subfield>
    <subfield code="3">13992156</subfield>
    <subfield code="a">77 Productions-East West</subfield>
  </datafield>
  <datafield tag="516" ind1=" " ind2=" ">
    <subfield code="5">z</subfield>
    <subfield code="0">Édite : </subfield>
    <subfield code="3">13992158</subfield>
    <subfield code="a">Atlantic-Big Beat-Nature</subfield>
  </datafield>
  <datafield tag="516" ind1=" " ind2=" ">
    <subfield code="5">z</subfield>
    <subfield code="0">Édite : </subfield>
    <subfield code="3">13992842</subfield>
    <subfield code="a">Umd</subfield>
  </datafield>
  <datafield tag="516" ind1=" " ind2=" ">
    <subfield code="5">z</subfield>
    <subfield code="0">Édite : </subfield>
    <subfield code="3">13992885</subfield>
    <subfield code="a">WB-Tattoo</subfield>
  </datafield>
  <datafield tag="516" ind1=" " ind2=" ">
    <subfield code="5">z</subfield>
    <subfield code="0">Édite : </subfield>
    <subfield code="3">13994200</subfield>
    <subfield code="a">Elektra-Marvelous</subfield>
  </datafield>
  <datafield tag="516" ind1=" " ind2=" ">
    <subfield code="5">z</subfield>
    <subfield code="0">Édite : </subfield>
    <subfield code="3">13994547</subfield>
    <subfield code="a">Atlantic-Young Black Brotha</subfield>
  </datafield>
  <datafield tag="516" ind1=" " ind2=" ">
    <subfield code="5">z</subfield>
    <subfield code="0">Édite : </subfield>
    <subfield code="3">13995678</subfield>
    <subfield code="a">WB-Quilombo</subfield>
  </datafield>
  <datafield tag="516" ind1=" " ind2=" ">
    <subfield code="5">z</subfield>
    <subfield code="0">Édite : </subfield>
    <subfield code="3">13995687</subfield>
    <subfield code="a">Tag-Igloo</subfield>
  </datafield>
  <datafield tag="516" ind1=" " ind2=" ">
    <subfield code="5">z</subfield>
    <subfield code="0">Édite : </subfield>
    <subfield code="3">13995692</subfield>
    <subfield code="a">Atlantic-Be!</subfield>
  </datafield>
  <datafield tag="516" ind1=" " ind2=" ">
    <subfield code="5">z</subfield>
    <subfield code="0">Édite : </subfield>
    <subfield code="3">13995724</subfield>
    <subfield code="a">East West-FPM</subfield>
  </datafield>
  <datafield tag="516" ind1=" " ind2=" ">
    <subfield code="5">z</subfield>
    <subfield code="0">Édite : </subfield>
    <subfield code="3">13995734</subfield>
    <subfield code="a">Atlantic-Code Blue</subfield>
  </datafield>
  <datafield tag="516" ind1=" " ind2=" ">
    <subfield code="5">z</subfield>
    <subfield code="0">Édite : </subfield>
    <subfield code="3">13995736</subfield>
    <subfield code="a">Atlantic Classics</subfield>
  </datafield>
  <datafield tag="516" ind1=" " ind2=" ">
    <subfield code="5">z</subfield>
    <subfield code="0">Édite : </subfield>
    <subfield code="3">13996112</subfield>
    <subfield code="a">WEA-Downbeat</subfield>
  </datafield>
  <datafield tag="516" ind1=" " ind2=" ">
    <subfield code="5">z</subfield>
    <subfield code="0">Édite : </subfield>
    <subfield code="3">13996119</subfield>
    <subfield code="a">Vapor</subfield>
  </datafield>
  <datafield tag="516" ind1=" " ind2=" ">
    <subfield code="5">z</subfield>
    <subfield code="0">Édite : </subfield>
    <subfield code="3">13996120</subfield>
    <subfield code="a">WB-Black music-ol&apos;skool</subfield>
  </datafield>
  <datafield tag="516" ind1=" " ind2=" ">
    <subfield code="5">z</subfield>
    <subfield code="0">Édite : </subfield>
    <subfield code="3">13996143</subfield>
    <subfield code="a">Different Drummer</subfield>
  </datafield>
  <datafield tag="516" ind1=" " ind2=" ">
    <subfield code="5">z</subfield>
    <subfield code="0">Édite : </subfield>
    <subfield code="3">13996686</subfield>
    <subfield code="a">Squad</subfield>
  </datafield>
  <datafield tag="516" ind1=" " ind2=" ">
    <subfield code="5">z</subfield>
    <subfield code="0">Édite : </subfield>
    <subfield code="3">13996687</subfield>
    <subfield code="a">Ermit</subfield>
  </datafield>
  <datafield tag="516" ind1=" " ind2=" ">
    <subfield code="5">z</subfield>
    <subfield code="0">Édite : </subfield>
    <subfield code="3">13998110</subfield>
    <subfield code="a">Warner Bros-Imago</subfield>
  </datafield>
  <datafield tag="516" ind1=" " ind2=" ">
    <subfield code="5">z</subfield>
    <subfield code="0">Édite : </subfield>
    <subfield code="3">13998131</subfield>
    <subfield code="a">WEA-Swe Mix</subfield>
  </datafield>
  <datafield tag="516" ind1=" " ind2=" ">
    <subfield code="5">z</subfield>
    <subfield code="0">Édite : </subfield>
    <subfield code="3">13998388</subfield>
    <subfield code="a">Atlantic-Holiday</subfield>
  </datafield>
  <datafield tag="516" ind1=" " ind2=" ">
    <subfield code="5">z</subfield>
    <subfield code="0">Édite : </subfield>
    <subfield code="3">13999097</subfield>
    <subfield code="a">Warner Sunset</subfield>
  </datafield>
  <datafield tag="516" ind1=" " ind2=" ">
    <subfield code="5">z</subfield>
    <subfield code="0">Édite : </subfield>
    <subfield code="3">13999275</subfield>
    <subfield code="a">East West-Henry Productions</subfield>
  </datafield>
  <datafield tag="516" ind1=" " ind2=" ">
    <subfield code="5">z</subfield>
    <subfield code="0">Édite : </subfield>
    <subfield code="3">14002440</subfield>
    <subfield code="a">Telegram</subfield>
  </datafield>
  <datafield tag="516" ind1=" " ind2=" ">
    <subfield code="5">z</subfield>
    <subfield code="0">Édite : </subfield>
    <subfield code="3">14002457</subfield>
    <subfield code="a">Round</subfield>
  </datafield>
  <datafield tag="516" ind1=" " ind2=" ">
    <subfield code="5">z</subfield>
    <subfield code="0">Édite : </subfield>
    <subfield code="3">14004689</subfield>
    <subfield code="a">Warner Bros-Sunset</subfield>
  </datafield>
  <datafield tag="516" ind1=" " ind2=" ">
    <subfield code="5">z</subfield>
    <subfield code="0">Édite : </subfield>
    <subfield code="3">13997402</subfield>
    <subfield code="a">Primary</subfield>
  </datafield>
  <datafield tag="516" ind1=" " ind2=" ">
    <subfield code="5">z</subfield>
    <subfield code="0">Édite : </subfield>
    <subfield code="3">14014759</subfield>
    <subfield code="a">Nlon</subfield>
  </datafield>
  <datafield tag="516" ind1=" " ind2=" ">
    <subfield code="5">z</subfield>
    <subfield code="0">Édite : </subfield>
    <subfield code="3">14012648</subfield>
    <subfield code="a">Erato Detour</subfield>
  </datafield>
  <datafield tag="516" ind1=" " ind2=" ">
    <subfield code="5">z</subfield>
    <subfield code="0">Édite : </subfield>
    <subfield code="3">13877105</subfield>
    <subfield code="a">Dorado</subfield>
  </datafield>
  <datafield tag="516" ind1=" " ind2=" ">
    <subfield code="5">z</subfield>
    <subfield code="0">Édite : </subfield>
    <subfield code="3">14013055</subfield>
    <subfield code="a">Filter</subfield>
  </datafield>
  <datafield tag="516" ind1=" " ind2=" ">
    <subfield code="5">z</subfield>
    <subfield code="0">Édite : </subfield>
    <subfield code="3">14020664</subfield>
    <subfield code="a">Atlantic-Scratchie</subfield>
  </datafield>
  <datafield tag="516" ind1=" " ind2=" ">
    <subfield code="5">z</subfield>
    <subfield code="0">Édite : </subfield>
    <subfield code="3">14020761</subfield>
    <subfield code="a">BG productions</subfield>
  </datafield>
  <datafield tag="516" ind1=" " ind2=" ">
    <subfield code="5">z</subfield>
    <subfield code="0">Édite : </subfield>
    <subfield code="3">14020762</subfield>
    <subfield code="a">Fuel</subfield>
  </datafield>
  <datafield tag="516" ind1=" " ind2=" ">
    <subfield code="5">z</subfield>
    <subfield code="0">Édite : </subfield>
    <subfield code="3">14024911</subfield>
    <subfield code="a">Hi fi recordings</subfield>
  </datafield>
  <datafield tag="516" ind1=" " ind2=" ">
    <subfield code="5">z</subfield>
    <subfield code="0">Édite : </subfield>
    <subfield code="3">14001249</subfield>
    <subfield code="7">ba0yba0y</subfield>
    <subfield code="8">fre   </subfield>
    <subfield code="a">Tôt ou tard</subfield>
  </datafield>
  <datafield tag="516" ind1=" " ind2=" ">
    <subfield code="5">z</subfield>
    <subfield code="0">Édite : </subfield>
    <subfield code="3">14012645</subfield>
    <subfield code="a">Indochina</subfield>
  </datafield>
  <datafield tag="516" ind1=" " ind2=" ">
    <subfield code="5">z</subfield>
    <subfield code="0">Édite : </subfield>
    <subfield code="3">14013689</subfield>
    <subfield code="a">Coalition</subfield>
  </datafield>
  <datafield tag="516" ind1=" " ind2=" ">
    <subfield code="5">z</subfield>
    <subfield code="0">Édite : </subfield>
    <subfield code="3">14013687</subfield>
    <subfield code="a">Ché</subfield>
  </datafield>
  <datafield tag="516" ind1=" " ind2=" ">
    <subfield code="5">z</subfield>
    <subfield code="0">Édite : </subfield>
    <subfield code="3">14013691</subfield>
    <subfield code="a">Scratchie</subfield>
  </datafield>
  <datafield tag="516" ind1=" " ind2=" ">
    <subfield code="5">z</subfield>
    <subfield code="0">Édite : </subfield>
    <subfield code="3">14026847</subfield>
    <subfield code="a">Violator</subfield>
  </datafield>
  <datafield tag="516" ind1=" " ind2=" ">
    <subfield code="5">z</subfield>
    <subfield code="0">Édite : </subfield>
    <subfield code="3">14026904</subfield>
    <subfield code="a">Flashback</subfield>
  </datafield>
  <datafield tag="516" ind1=" " ind2=" ">
    <subfield code="5">z</subfield>
    <subfield code="0">Édite : </subfield>
    <subfield code="3">14026929</subfield>
    <subfield code="a">Essential recordings</subfield>
  </datafield>
  <datafield tag="516" ind1=" " ind2=" ">
    <subfield code="5">z</subfield>
    <subfield code="0">Édite : </subfield>
    <subfield code="3">14026945</subfield>
    <subfield code="a">Elektra-Squint</subfield>
  </datafield>
  <datafield tag="516" ind1=" " ind2=" ">
    <subfield code="5">z</subfield>
    <subfield code="0">Édite : </subfield>
    <subfield code="3">14027037</subfield>
    <subfield code="a">DHR</subfield>
  </datafield>
  <datafield tag="516" ind1=" " ind2=" ">
    <subfield code="5">z</subfield>
    <subfield code="0">Édite : </subfield>
    <subfield code="3">14028266</subfield>
    <subfield code="a">Freakstreet</subfield>
  </datafield>
  <datafield tag="516" ind1=" " ind2=" ">
    <subfield code="5">z</subfield>
    <subfield code="0">Édite : </subfield>
    <subfield code="3">14028506</subfield>
    <subfield code="a">Ahí-Namá</subfield>
  </datafield>
  <datafield tag="516" ind1=" " ind2=" ">
    <subfield code="5">z</subfield>
    <subfield code="0">Édite : </subfield>
    <subfield code="3">14029597</subfield>
    <subfield code="a">Four faces communications</subfield>
  </datafield>
  <datafield tag="516" ind1=" " ind2=" ">
    <subfield code="5">z</subfield>
    <subfield code="0">Édite : </subfield>
    <subfield code="3">13946327</subfield>
    <subfield code="a">FFRR-Acid Jazz</subfield>
  </datafield>
  <datafield tag="516" ind1=" " ind2=" ">
    <subfield code="5">z</subfield>
    <subfield code="0">Édite : </subfield>
    <subfield code="3">13876198</subfield>
    <subfield code="a">London</subfield>
  </datafield>
  <datafield tag="516" ind1=" " ind2=" ">
    <subfield code="5">z</subfield>
    <subfield code="0">Édite : </subfield>
    <subfield code="3">13876203</subfield>
    <subfield code="a">London-Slash</subfield>
  </datafield>
  <datafield tag="516" ind1=" " ind2=" ">
    <subfield code="5">z</subfield>
    <subfield code="0">Édite : </subfield>
    <subfield code="3">14029883</subfield>
    <subfield code="a">Go feet records</subfield>
  </datafield>
  <datafield tag="516" ind1=" " ind2=" ">
    <subfield code="5">z</subfield>
    <subfield code="0">Édite : </subfield>
    <subfield code="3">14024366</subfield>
    <subfield code="a">Juste pour rire</subfield>
  </datafield>
  <datafield tag="516" ind1=" " ind2=" ">
    <subfield code="5">z</subfield>
    <subfield code="0">Édite : </subfield>
    <subfield code="3">14033509</subfield>
    <subfield code="a">Warner Sunset-Atlantic</subfield>
  </datafield>
  <datafield tag="516" ind1=" " ind2=" ">
    <subfield code="5">z</subfield>
    <subfield code="0">Édite : </subfield>
    <subfield code="3">13970581</subfield>
    <subfield code="a">Maad</subfield>
  </datafield>
  <datafield tag="516" ind1=" " ind2=" ">
    <subfield code="5">z</subfield>
    <subfield code="0">Édite : </subfield>
    <subfield code="3">13970896</subfield>
    <subfield code="a">Atlantic Street-First Priority</subfield>
  </datafield>
  <datafield tag="516" ind1=" " ind2=" ">
    <subfield code="5">z</subfield>
    <subfield code="0">Édite : </subfield>
    <subfield code="3">13874752</subfield>
    <subfield code="a">China</subfield>
  </datafield>
  <datafield tag="516" ind1=" " ind2=" ">
    <subfield code="5">z</subfield>
    <subfield code="0">Édite : </subfield>
    <subfield code="3">13988569</subfield>
    <subfield code="a">WEA-Eternal</subfield>
  </datafield>
  <datafield tag="516" ind1=" " ind2=" ">
    <subfield code="5">z</subfield>
    <subfield code="0">Édite : </subfield>
    <subfield code="3">13988662</subfield>
    <subfield code="a">Magneoton</subfield>
  </datafield>
  <datafield tag="516" ind1=" " ind2=" ">
    <subfield code="5">z</subfield>
    <subfield code="0">Édite : </subfield>
    <subfield code="3">13988663</subfield>
    <subfield code="a">Red Hot-Kinetic</subfield>
  </datafield>
  <datafield tag="516" ind1=" " ind2=" ">
    <subfield code="5">z</subfield>
    <subfield code="0">Édite : </subfield>
    <subfield code="3">13991125</subfield>
    <subfield code="a">Elektra-Sire-Hifi</subfield>
  </datafield>
  <datafield tag="801" ind1=" " ind2=" ">
    <subfield code="a">FR</subfield>
    <subfield code="b">FR-751131015</subfield>
    <subfield code="c">20040213</subfield>
  </datafield>
</record>