
<record format="UNIMARC" type="Authority">
  <leader>01030cx  b2200217   4500</leader>
  <controlfield tag="001">FRBNF138890500</controlfield>
  <controlfield tag="003">http://catalogue.bnf.fr/ark:/12148/cb13889050b</controlfield>
  <controlfield tag="005">20030312</controlfield>
  <datafield tag="100" ind1=" " ind2=" ">
    <subfield code="a">19890601afrey50      ba0</subfield>
  </datafield>
  <datafield tag="102" ind1=" " ind2=" ">
    <subfield code="a">FR</subfield>
  </datafield>
  <datafield tag="105" ind1=" " ind2=" ">
    <subfield code="c">e</subfield>
    <subfield code="c">s</subfield>
    <subfield code="c">d</subfield>
    <subfield code="d">g</subfield>
  </datafield>
  <datafield tag="106" ind1=" " ind2=" ">
    <subfield code="a">1</subfield>
  </datafield>
  <datafield tag="150" ind1=" " ind2=" ">
    <subfield code="a">y</subfield>
  </datafield>
  <datafield tag="210" ind1=" " ind2=" ">
    <subfield code="7">ba0yba0y</subfield>
    <subfield code="8">fre   </subfield>
    <subfield code="9"> 0 </subfield>
    <subfield code="a">Livraphone</subfield>
  </datafield>
  <datafield tag="300" ind1="0" ind2=" ">
    <subfield code="a">Producteur, éditeur et distributeur phonographique d&apos;oeuvres littéraires. - Société créée en 1986 par Arnaud Mathon. - Anciennes adresses (1986-2000) :  6 rue d&apos;Alger, 75001 Paris. Tél. 42.96.54.32. Fax 42.96.09.56 puis 114 rue de la Croix Nivert, 75015 Paris. Tél. 01.48.28.89.19. Fax 01.48.28. 69.49. - Site Internet : http://www.livraphone.fr</subfield>
  </datafield>
  <datafield tag="303" ind1=" " ind2=" ">
    <subfield code="a">119-121 rue Blomet, 75015 Paris</subfield>
  </datafield>
  <datafield tag="410" ind1=" " ind2=" ">
    <subfield code="7">ba0yba0y</subfield>
    <subfield code="8">fre   </subfield>
    <subfield code="9"> 1 </subfield>
    <subfield code="a">Livraphone vox libri</subfield>
  </datafield>
  <datafield tag="500" ind1=" " ind2=" ">
    <subfield code="5">z</subfield>
    <subfield code="3">14450090</subfield>
    <subfield code="7">ba0yba0y</subfield>
    <subfield code="8">fre   </subfield>
    <subfield code="9"> 0 </subfield>
    <subfield code="a">Mathon</subfield>
    <subfield code="b">Arnaud</subfield>
  </datafield>
  <datafield tag="516" ind1=" " ind2=" ">
    <subfield code="5">z</subfield>
    <subfield code="0">Edite et distribue : </subfield>
    <subfield code="3">13876179</subfield>
    <subfield code="a">Livraphone</subfield>
  </datafield>
  <datafield tag="516" ind1=" " ind2=" ">
    <subfield code="5">z</subfield>
    <subfield code="0">Edite et distribue : </subfield>
    <subfield code="3">14039058</subfield>
    <subfield code="a">Livraphone vox libri</subfield>
  </datafield>
  <datafield tag="801" ind1=" " ind2=" ">
    <subfield code="a">FR</subfield>
    <subfield code="b">FR-751131015</subfield>
    <subfield code="c">20030312</subfield>
  </datafield>
</record>