
<record format="UNIMARC" type="Authority">
  <leader>00592cx  a2200217   4500</leader>
  <controlfield tag="001">FRBNF155519020</controlfield>
  <controlfield tag="003">http://catalogue.bnf.fr/ark:/12148/cb155519025</controlfield>
  <controlfield tag="005">20070727</controlfield>
  <datafield tag="100" ind1=" " ind2=" ">
    <subfield code="a">20070727afrey50      ba0</subfield>
  </datafield>
  <datafield tag="102" ind1=" " ind2=" ">
    <subfield code="a">US</subfield>
  </datafield>
  <datafield tag="103" ind1=" " ind2=" ">
    <subfield code="a"> 19591008</subfield>
  </datafield>
  <datafield tag="105" ind1=" " ind2=" ">
    <subfield code="a">a</subfield>
  </datafield>
  <datafield tag="106" ind1=" " ind2=" ">
    <subfield code="a">1</subfield>
  </datafield>
  <datafield tag="120" ind1=" " ind2=" ">
    <subfield code="a">b</subfield>
  </datafield>
  <datafield tag="152" ind1=" " ind2=" ">
    <subfield code="c">2</subfield>
  </datafield>
  <datafield tag="200" ind1=" " ind2=" ">
    <subfield code="7">ba0yba0y</subfield>
    <subfield code="8">fre   </subfield>
    <subfield code="9"> 0 </subfield>
    <subfield code="a">Katz</subfield>
    <subfield code="b">Stephen</subfield>
    <subfield code="f">1959-....</subfield>
  </datafield>
  <datafield tag="300" ind1="0" ind2=" ">
    <subfield code="a">Scénariste</subfield>
  </datafield>
  <datafield tag="330" ind1=" " ind2=" ">
    <subfield code="a">Ne pas confondre avec Katz, Stephen (1946-2005)</subfield>
  </datafield>
  <datafield tag="801" ind1=" " ind2=" ">
    <subfield code="a">FR</subfield>
    <subfield code="b">FR-751131015</subfield>
    <subfield code="c">20070727</subfield>
  </datafield>
  <datafield tag="810" ind1=" " ind2=" ">
    <subfield code="a">IMDB - http://us.imdb.com (2007-07-27)</subfield>
  </datafield>
  <datafield tag="856" ind1=" " ind2=" ">
    <subfield code="u">http://us.imdb.com</subfield>
    <subfield code="e">2007-07-27</subfield>
  </datafield>
</record>