
<record format="UNIMARC" type="Authority">
  <leader>00514cx  b2200193   4500</leader>
  <controlfield tag="001">FRBNF155137309</controlfield>
  <controlfield tag="003">http://catalogue.bnf.fr/ark:/12148/cb15513730h</controlfield>
  <controlfield tag="005">20070720</controlfield>
  <datafield tag="100" ind1=" " ind2=" ">
    <subfield code="a">20070302afrey50      ba0</subfield>
  </datafield>
  <datafield tag="102" ind1=" " ind2=" ">
    <subfield code="a">SE</subfield>
  </datafield>
  <datafield tag="105" ind1=" " ind2=" ">
    <subfield code="a">a</subfield>
  </datafield>
  <datafield tag="106" ind1=" " ind2=" ">
    <subfield code="a">1</subfield>
  </datafield>
  <datafield tag="150" ind1=" " ind2=" ">
    <subfield code="a">y</subfield>
    <subfield code="b">c6</subfield>
  </datafield>
  <datafield tag="152" ind1=" " ind2=" ">
    <subfield code="c">2</subfield>
  </datafield>
  <datafield tag="210" ind1=" " ind2=" ">
    <subfield code="7">ba0yba0y</subfield>
    <subfield code="8">fre   </subfield>
    <subfield code="9">20 </subfield>
    <subfield code="a">Idol FX AB</subfield>
  </datafield>
  <datafield tag="300" ind1="0" ind2=" ">
    <subfield code="a">Développeur de jeux vidéo</subfield>
  </datafield>
  <datafield tag="410" ind1=" " ind2=" ">
    <subfield code="7">ba0yba0y</subfield>
    <subfield code="8">fre   </subfield>
    <subfield code="a">Idol</subfield>
  </datafield>
  <datafield tag="801" ind1=" " ind2=" ">
    <subfield code="a">FR</subfield>
    <subfield code="b">FR-751131015</subfield>
    <subfield code="c">20070720</subfield>
  </datafield>
  <datafield tag="810" ind1=" " ind2=" ">
    <subfield code="a">FBI [Ressource électronique] : hostage rescue, 2004</subfield>
  </datafield>
</record>