
<record format="UNIMARC" type="Authority">
  <leader>01027cx  j2200265   4500</leader>
  <controlfield tag="001">FRBNF119459723</controlfield>
  <controlfield tag="003">http://catalogue.bnf.fr/ark:/12148/cb119459727</controlfield>
  <controlfield tag="005">20131010</controlfield>
  <datafield tag="039" ind1=" " ind2=" ">
    <subfield code="o">OPL</subfield>
    <subfield code="a">001709727</subfield>
  </datafield>
  <datafield tag="100" ind1=" " ind2=" ">
    <subfield code="a">19820527afrey50      ba0</subfield>
  </datafield>
  <datafield tag="106" ind1=" " ind2=" ">
    <subfield code="a">211</subfield>
  </datafield>
  <datafield tag="152" ind1=" " ind2=" ">
    <subfield code="b">rameau</subfield>
    <subfield code="c">2</subfield>
  </datafield>
  <datafield tag="250" ind1=" " ind2=" ">
    <subfield code="7">ba0yba0y</subfield>
    <subfield code="8">fre   </subfield>
    <subfield code="a">Vampires</subfield>
  </datafield>
  <datafield tag="450" ind1=" " ind2=" ">
    <subfield code="7">ba0yba0y</subfield>
    <subfield code="8">fre   </subfield>
    <subfield code="9">  2</subfield>
    <subfield code="a">Goules</subfield>
  </datafield>
  <datafield tag="450" ind1=" " ind2=" ">
    <subfield code="7">ba0yba0y</subfield>
    <subfield code="8">fre   </subfield>
    <subfield code="a">Striges</subfield>
  </datafield>
  <datafield tag="450" ind1=" " ind2=" ">
    <subfield code="7">ba0yba0y</subfield>
    <subfield code="8">fre   </subfield>
    <subfield code="a">Stryges</subfield>
  </datafield>
  <datafield tag="450" ind1=" " ind2=" ">
    <subfield code="7">ba0yba0y</subfield>
    <subfield code="8">fre   </subfield>
    <subfield code="a">Vampirisme</subfield>
  </datafield>
  <datafield tag="550" ind1=" " ind2=" ">
    <subfield code="5">g</subfield>
    <subfield code="3">11942298</subfield>
    <subfield code="7">ba0yba0y</subfield>
    <subfield code="8">fre   </subfield>
    <subfield code="9">  2</subfield>
    <subfield code="a">Fantômes</subfield>
  </datafield>
  <datafield tag="580" ind1=" " ind2="0">
    <subfield code="5">z</subfield>
    <subfield code="0">Voir aussi</subfield>
    <subfield code="3">11931407</subfield>
    <subfield code="7">ba0yba0y</subfield>
    <subfield code="8">fre   </subfield>
    <subfield code="9">  2</subfield>
    <subfield code="a">Films de vampires</subfield>
  </datafield>
  <datafield tag="686" ind1=" " ind2=" ">
    <subfield code="a">391</subfield>
    <subfield code="2">Note de regroupement par domaine</subfield>
  </datafield>
  <datafield tag="801" ind1=" " ind2=" ">
    <subfield code="a">FR</subfield>
    <subfield code="b">FR-751131015</subfield>
    <subfield code="c">20131010</subfield>
  </datafield>
  <datafield tag="810" ind1=" " ind2=" ">
    <subfield code="a">Grand Larousse universel</subfield>
    <subfield code="a">Trésor de la langue française</subfield>
  </datafield>
  <datafield tag="822" ind1="1" ind2="2">
    <subfield code="a">Vampires</subfield>
    <subfield code="2">RVMLaval</subfield>
    <subfield code="d">2013-10-10</subfield>
  </datafield>
  <datafield tag="822" ind1="1" ind2=" ">
    <subfield code="a">Ghouls and ogres</subfield>
    <subfield code="2">LCSH</subfield>
    <subfield code="u">http://id.loc.gov/authorities/subjects/sh85054826</subfield>
    <subfield code="d">2017-02-09</subfield>
  </datafield>
  <datafield tag="822" ind1="1" ind2="2">
    <subfield code="a">Vampires</subfield>
    <subfield code="2">LCSH</subfield>
    <subfield code="u">http://id.loc.gov/authorities/subjects/sh85141948</subfield>
    <subfield code="d">2017-02-09</subfield>
  </datafield>
</record>