
<record format="UNIMARC" type="Authority">
  <leader>00606cx  a2200205   4500</leader>
  <controlfield tag="001">FRBNF146763424</controlfield>
  <controlfield tag="003">http://catalogue.bnf.fr/ark:/12148/cb14676342d</controlfield>
  <controlfield tag="005">20141124</controlfield>
  <datafield tag="100" ind1=" " ind2=" ">
    <subfield code="a">20050825afrey50      ba0</subfield>
  </datafield>
  <datafield tag="101" ind1=" " ind2=" ">
    <subfield code="a">fre</subfield>
  </datafield>
  <datafield tag="102" ind1=" " ind2=" ">
    <subfield code="a">FR</subfield>
  </datafield>
  <datafield tag="103" ind1=" " ind2=" ">
    <subfield code="a"> 19..</subfield>
  </datafield>
  <datafield tag="105" ind1=" " ind2=" ">
    <subfield code="a">c</subfield>
    <subfield code="a">a</subfield>
  </datafield>
  <datafield tag="106" ind1=" " ind2=" ">
    <subfield code="a">1</subfield>
  </datafield>
  <datafield tag="120" ind1=" " ind2=" ">
    <subfield code="a">a</subfield>
  </datafield>
  <datafield tag="200" ind1=" " ind2=" ">
    <subfield code="7">ba0yba0y</subfield>
    <subfield code="8">fre   </subfield>
    <subfield code="9"> 1 </subfield>
    <subfield code="a">Deratte</subfield>
    <subfield code="b">Laure</subfield>
    <subfield code="f">19..-....</subfield>
  </datafield>
  <datafield tag="300" ind1="0" ind2=" ">
    <subfield code="a">Scénographe</subfield>
  </datafield>
  <datafield tag="510" ind1=" " ind2=" ">
    <subfield code="5">xxxk</subfield>
    <subfield code="0">Membre de : </subfield>
    <subfield code="3">16151343</subfield>
    <subfield code="7">ba0yba0y</subfield>
    <subfield code="8">fre   </subfield>
    <subfield code="9">20 </subfield>
    <subfield code="a">Compagnie Médiane</subfield>
  </datafield>
  <datafield tag="801" ind1=" " ind2=" ">
    <subfield code="a">FR</subfield>
    <subfield code="b">FR-751131015</subfield>
    <subfield code="c">20141124</subfield>
  </datafield>
  <datafield tag="810" ind1=" " ind2=" ">
    <subfield code="a">Mémopéra (En ligne : http://www.memopera.fr/), consulté le 15/03/2013</subfield>
  </datafield>
</record>