
<record format="UNIMARC" type="Authority">
  <leader>02187cx  l2200301   4500</leader>
  <controlfield tag="001">FRBNF119770069</controlfield>
  <controlfield tag="003">http://catalogue.bnf.fr/ark:/12148/cb119770062</controlfield>
  <controlfield tag="005">20190624</controlfield>
  <datafield tag="039" ind1=" " ind2=" ">
    <subfield code="o">OPL</subfield>
    <subfield code="a">00213883X</subfield>
  </datafield>
  <datafield tag="100" ind1=" " ind2=" ">
    <subfield code="a">19850702afrey50      ba0</subfield>
  </datafield>
  <datafield tag="106" ind1=" " ind2=" ">
    <subfield code="a">201</subfield>
  </datafield>
  <datafield tag="152" ind1=" " ind2=" ">
    <subfield code="b">rameau</subfield>
    <subfield code="c">2</subfield>
  </datafield>
  <datafield tag="180" ind1=" " ind2=" ">
    <subfield code="a">a</subfield>
  </datafield>
  <datafield tag="280" ind1=" " ind2="0">
    <subfield code="7">ba0yba0y</subfield>
    <subfield code="8">fre   </subfield>
    <subfield code="a">Programmes</subfield>
  </datafield>
  <datafield tag="305" ind1="1" ind2=" ">
    <subfield code="a">Voir aussi la subdivision Calendriers aux collectivités, sports et sujets noms communs appropriés</subfield>
  </datafield>
  <datafield tag="305" ind1="1" ind2=" ">
    <subfield code="a">Voir aussi la subdivision de forme Programmes d&apos;études aux collectivités (établissements d&apos;enseignement) et sujets noms communs appropriés (genres et niveaux d&apos;enseignement, d&apos;éducation, etc.)</subfield>
  </datafield>
  <datafield tag="330" ind1=" " ind2=" ">
    <subfield code="a">S&apos;emploie uniquement en subdivision aux collectivités (congrès, partis politiques, syndicats, collectivités des arts du spectacles et du sport), compositions musicales, personnes (compositeurs, musiciens, artistes-interprètes, etc.), sports, titres (titres d&apos;œuvres musicales ou scéniques) et sujets noms communs appropriés (concerts, congrès, élections, politiques publiques, compétitions sportives, etc.) pour des documents sur ces programmes, par ex. : Congrès international des orientalistes (29 ; 1973 ; Paris) -- Programmes ; Piano, Musique de -- Programmes ; Terrasson, Jacky (1965-….) – Programmes ; Hugo, Victor (1802-1885). Hernani -- Programmes</subfield>
  </datafield>
  <datafield tag="330" ind1=" " ind2=" ">
    <subfield code="a">Ne pas employer aux établissements d&apos;enseignement ni aux vedettes du domaine de l&apos;éducation</subfield>
  </datafield>
  <datafield tag="580" ind1=" " ind2="0">
    <subfield code="5">z</subfield>
    <subfield code="0">Voir aussi</subfield>
    <subfield code="3">11961551</subfield>
    <subfield code="7">ba0yba0y</subfield>
    <subfield code="8">fre   </subfield>
    <subfield code="a">Calendriers</subfield>
  </datafield>
  <datafield tag="580" ind1=" " ind2="0">
    <subfield code="5">z</subfield>
    <subfield code="0">Voir aussi</subfield>
    <subfield code="3">11955160</subfield>
    <subfield code="7">ba0yba0y</subfield>
    <subfield code="8">fre   </subfield>
    <subfield code="a">Programmes d&apos;études</subfield>
  </datafield>
  <datafield tag="686" ind1=" " ind2=" ">
    <subfield code="a">320</subfield>
    <subfield code="c">Sciences politiques</subfield>
    <subfield code="2">Note de regroupement par domaine</subfield>
  </datafield>
  <datafield tag="686" ind1=" " ind2=" ">
    <subfield code="a">790</subfield>
    <subfield code="c">Spectacles et loisirs (généralités)</subfield>
    <subfield code="2">Note de regroupement par domaine</subfield>
  </datafield>
  <datafield tag="686" ind1=" " ind2=" ">
    <subfield code="a">793</subfield>
    <subfield code="c">Jeux</subfield>
    <subfield code="2">Note de regroupement par domaine</subfield>
  </datafield>
  <datafield tag="801" ind1=" " ind2=" ">
    <subfield code="a">FR</subfield>
    <subfield code="b">FR-751131015</subfield>
    <subfield code="c">20190624</subfield>
  </datafield>
  <datafield tag="810" ind1=" " ind2=" ">
    <subfield code="a">Grand Larousse universel</subfield>
    <subfield code="a">Grand Robert de la langue française, 2001</subfield>
  </datafield>
  <datafield tag="822" ind1="1" ind2="2">
    <subfield code="a">Programmes</subfield>
    <subfield code="2">RVMLaval</subfield>
    <subfield code="d">2013-05-29</subfield>
  </datafield>
  <datafield tag="822" ind1="1" ind2=" ">
    <subfield code="a">Platforms</subfield>
    <subfield code="2">LCSH</subfield>
    <subfield code="u">http://id.loc.gov/authorities/subjects/sh99001676</subfield>
    <subfield code="d">2017-02-09</subfield>
  </datafield>
  <datafield tag="822" ind1="1" ind2=" ">
    <subfield code="a">Programs</subfield>
    <subfield code="2">LCSH</subfield>
    <subfield code="u">http://id.loc.gov/authorities/subjects/sh93005169</subfield>
    <subfield code="d">2017-02-09</subfield>
  </datafield>
</record>