
<record format="UNIMARC" type="Authority">
  <leader>00645cx  a2200217   4500</leader>
  <controlfield tag="001">FRBNF16166678X</controlfield>
  <controlfield tag="003">http://catalogue.bnf.fr/ark:/12148/cb16166678f</controlfield>
  <controlfield tag="005">20121210</controlfield>
  <datafield tag="010" ind1=" " ind2=" ">
    <subfield code="a">0000000110800544</subfield>
    <subfield code="2">VIAF</subfield>
    <subfield code="d">20130807</subfield>
  </datafield>
  <datafield tag="100" ind1=" " ind2=" ">
    <subfield code="a">20091217afrey50      ba0</subfield>
  </datafield>
  <datafield tag="101" ind1=" " ind2=" ">
    <subfield code="a">eng</subfield>
  </datafield>
  <datafield tag="102" ind1=" " ind2=" ">
    <subfield code="a">XX</subfield>
  </datafield>
  <datafield tag="103" ind1=" " ind2=" ">
    <subfield code="a"> 19..</subfield>
  </datafield>
  <datafield tag="105" ind1=" " ind2=" ">
    <subfield code="a">a</subfield>
  </datafield>
  <datafield tag="106" ind1=" " ind2=" ">
    <subfield code="a">1</subfield>
  </datafield>
  <datafield tag="120" ind1=" " ind2=" ">
    <subfield code="a">b</subfield>
  </datafield>
  <datafield tag="152" ind1=" " ind2=" ">
    <subfield code="c">2</subfield>
  </datafield>
  <datafield tag="200" ind1=" " ind2=" ">
    <subfield code="7">ba0yba0y</subfield>
    <subfield code="8">fre   </subfield>
    <subfield code="9"> 0 </subfield>
    <subfield code="a">Stoker</subfield>
    <subfield code="b">Dacre</subfield>
  </datafield>
  <datafield tag="300" ind1="0" ind2=" ">
    <subfield code="a">Romancier. - Membre de: &quot;Transylvanian society of Dracula&quot;, et de: &quot;Horror writers&apos; asociation&quot; (en 2012)</subfield>
  </datafield>
  <datafield tag="801" ind1=" " ind2=" ">
    <subfield code="a">FR</subfield>
    <subfield code="b">FR-751131015</subfield>
    <subfield code="c">20121210</subfield>
  </datafield>
  <datafield tag="810" ind1=" " ind2=" ">
    <subfield code="a">Dracula l&apos;immortel / Dacre Stoker et Ian Holt, DL 2009</subfield>
  </datafield>
</record>