
<record format="UNIMARC" type="Authority">
  <leader>00909cx  b2200241   4500</leader>
  <controlfield tag="001">FRBNF138904569</controlfield>
  <controlfield tag="003">http://catalogue.bnf.fr/ark:/12148/cb13890456j</controlfield>
  <controlfield tag="005">20040920</controlfield>
  <datafield tag="010" ind1=" " ind2=" ">
    <subfield code="a">0000000121626641</subfield>
    <subfield code="2">ISNI</subfield>
    <subfield code="d">20150313</subfield>
  </datafield>
  <datafield tag="100" ind1=" " ind2=" ">
    <subfield code="a">19890601afrey50      ba0</subfield>
  </datafield>
  <datafield tag="102" ind1=" " ind2=" ">
    <subfield code="a">FR</subfield>
  </datafield>
  <datafield tag="105" ind1=" " ind2=" ">
    <subfield code="c">e</subfield>
    <subfield code="c">d</subfield>
    <subfield code="c">a</subfield>
    <subfield code="d">h</subfield>
    <subfield code="c">p</subfield>
    <subfield code="d">r</subfield>
  </datafield>
  <datafield tag="106" ind1=" " ind2=" ">
    <subfield code="a">1</subfield>
  </datafield>
  <datafield tag="150" ind1=" " ind2=" ">
    <subfield code="a">y</subfield>
    <subfield code="b">c9</subfield>
  </datafield>
  <datafield tag="210" ind1=" " ind2=" ">
    <subfield code="7">ba0yba0y</subfield>
    <subfield code="8">fre   </subfield>
    <subfield code="9">20 </subfield>
    <subfield code="a">Warner home video France</subfield>
  </datafield>
  <datafield tag="303" ind1=" " ind2=" ">
    <subfield code="a">67 av. de Wagram, 75017 Paris</subfield>
  </datafield>
  <datafield tag="516" ind1=" " ind2=" ">
    <subfield code="5">z</subfield>
    <subfield code="0">Édite : </subfield>
    <subfield code="3">13877421</subfield>
    <subfield code="7">ba0yba0y</subfield>
    <subfield code="8">fre   </subfield>
    <subfield code="a">SIGMARC</subfield>
  </datafield>
  <datafield tag="516" ind1=" " ind2=" ">
    <subfield code="5">z</subfield>
    <subfield code="0">Édite : </subfield>
    <subfield code="3">13877531</subfield>
    <subfield code="7">ba0yba0y</subfield>
    <subfield code="8">fre   </subfield>
    <subfield code="a">Spectrum</subfield>
  </datafield>
  <datafield tag="516" ind1=" " ind2=" ">
    <subfield code="5">z</subfield>
    <subfield code="0">Edite et distribue : </subfield>
    <subfield code="3">13878136</subfield>
    <subfield code="7">ba0yba0y</subfield>
    <subfield code="8">fre   </subfield>
    <subfield code="a">Warner home video</subfield>
  </datafield>
  <datafield tag="516" ind1=" " ind2=" ">
    <subfield code="5">z</subfield>
    <subfield code="0">Distribue : </subfield>
    <subfield code="3">13875257</subfield>
    <subfield code="7">ba0yba0y</subfield>
    <subfield code="8">fre   </subfield>
    <subfield code="a">Embassy home entertainment</subfield>
  </datafield>
  <datafield tag="516" ind1=" " ind2=" ">
    <subfield code="5">z</subfield>
    <subfield code="0">Distribue : </subfield>
    <subfield code="3">13963942</subfield>
    <subfield code="7">ba0yba0y</subfield>
    <subfield code="8">fre   </subfield>
    <subfield code="a">TF1 vidéo</subfield>
  </datafield>
  <datafield tag="801" ind1=" " ind2=" ">
    <subfield code="a">FR</subfield>
    <subfield code="b">FR-751131015</subfield>
    <subfield code="c">20040920</subfield>
  </datafield>
  <datafield tag="856" ind1=" " ind2=" ">
    <subfield code="u">http://www.warner-home-video.fr</subfield>
    <subfield code="e">2001-10-17</subfield>
  </datafield>
</record>