
<record format="UNIMARC" type="Authority">
  <leader>00757cx  b2200217   4500</leader>
  <controlfield tag="001">FRBNF140332082</controlfield>
  <controlfield tag="003">http://catalogue.bnf.fr/ark:/12148/cb14033208c</controlfield>
  <controlfield tag="005">20091224</controlfield>
  <datafield tag="100" ind1=" " ind2=" ">
    <subfield code="a">20000727afrey50      ba0</subfield>
  </datafield>
  <datafield tag="102" ind1=" " ind2=" ">
    <subfield code="a">FR</subfield>
  </datafield>
  <datafield tag="103" ind1=" " ind2=" ">
    <subfield code="a"> 199908</subfield>
  </datafield>
  <datafield tag="105" ind1=" " ind2=" ">
    <subfield code="a">a</subfield>
    <subfield code="c">e</subfield>
    <subfield code="c">d</subfield>
    <subfield code="c">a</subfield>
    <subfield code="d">h</subfield>
    <subfield code="d">r</subfield>
    <subfield code="c">p</subfield>
  </datafield>
  <datafield tag="106" ind1=" " ind2=" ">
    <subfield code="a">1</subfield>
  </datafield>
  <datafield tag="150" ind1=" " ind2=" ">
    <subfield code="a">y</subfield>
    <subfield code="b">b6</subfield>
  </datafield>
  <datafield tag="210" ind1=" " ind2=" ">
    <subfield code="7">ba0yba0y</subfield>
    <subfield code="8">fre   </subfield>
    <subfield code="9">20 </subfield>
    <subfield code="a">Universal pictures vidéo France SA</subfield>
  </datafield>
  <datafield tag="300" ind1="0" ind2=" ">
    <subfield code="a">Remplace Polygram vidéo en août 1999</subfield>
  </datafield>
  <datafield tag="303" ind1=" " ind2=" ">
    <subfield code="a">20 rue Hamelin, 75016 Paris</subfield>
  </datafield>
  <datafield tag="303" ind1=" " ind2=" ">
    <subfield code="a">Ancienne adresse : avenue Maurice-Ravel, BP 104, 92164 Antony Cedex</subfield>
  </datafield>
  <datafield tag="510" ind1=" " ind2=" ">
    <subfield code="5">a</subfield>
    <subfield code="0">Avant août 1999, voir</subfield>
    <subfield code="3">13889663</subfield>
    <subfield code="7">ba0yba0y</subfield>
    <subfield code="8">fre   </subfield>
    <subfield code="9">20 </subfield>
    <subfield code="a">Polygram vidéo</subfield>
  </datafield>
  <datafield tag="801" ind1=" " ind2=" ">
    <subfield code="a">FR</subfield>
    <subfield code="b">FR-751131015</subfield>
    <subfield code="c">20091224</subfield>
  </datafield>
  <datafield tag="810" ind1=" " ind2=" ">
    <subfield code="a">Kapital New York city. Universal pictures vidéo, 2002</subfield>
  </datafield>
</record>