
<record format="UNIMARC" type="Authority">
  <leader>00651nx  a2200217   4500</leader>
  <controlfield tag="001">FRBNF165376229</controlfield>
  <controlfield tag="003">http://catalogue.bnf.fr/ark:/12148/cb165376224</controlfield>
  <datafield tag="010" ind1=" " ind2=" ">
    <subfield code="a">0000000063259782</subfield>
    <subfield code="2">VIAF</subfield>
    <subfield code="d">20130808</subfield>
  </datafield>
  <datafield tag="100" ind1=" " ind2=" ">
    <subfield code="a">20110920afrey50      ba0</subfield>
  </datafield>
  <datafield tag="101" ind1=" " ind2=" ">
    <subfield code="a">ger</subfield>
  </datafield>
  <datafield tag="102" ind1=" " ind2=" ">
    <subfield code="a">DE</subfield>
  </datafield>
  <datafield tag="103" ind1=" " ind2=" ">
    <subfield code="a"> 19..</subfield>
  </datafield>
  <datafield tag="105" ind1=" " ind2=" ">
    <subfield code="a">a</subfield>
  </datafield>
  <datafield tag="106" ind1=" " ind2=" ">
    <subfield code="a">1</subfield>
  </datafield>
  <datafield tag="120" ind1=" " ind2=" ">
    <subfield code="a">b</subfield>
  </datafield>
  <datafield tag="152" ind1=" " ind2=" ">
    <subfield code="c">2</subfield>
  </datafield>
  <datafield tag="200" ind1=" " ind2=" ">
    <subfield code="7">ba0yba0y</subfield>
    <subfield code="8">fre   </subfield>
    <subfield code="9"> 0 </subfield>
    <subfield code="a">Eickhoff</subfield>
    <subfield code="b">Stefan</subfield>
  </datafield>
  <datafield tag="801" ind1=" " ind2=" ">
    <subfield code="a">FR</subfield>
    <subfield code="b">FR-751131015</subfield>
    <subfield code="c">20110920</subfield>
  </datafield>
  <datafield tag="810" ind1=" " ind2=" ">
    <subfield code="a">Max Schreck : Gespenstertheater / Stefan Eickhoff, 2009</subfield>
  </datafield>
  <datafield tag="810" ind1=" " ind2=" ">
    <subfield code="a">Library of Congress authorities - http://authorities.loc.gov (2011-09-20)</subfield>
  </datafield>
  <datafield tag="856" ind1=" " ind2=" ">
    <subfield code="u">http://authorities.loc.gov</subfield>
    <subfield code="e">2011-09-20</subfield>
  </datafield>
</record>