
<record format="UNIMARC" type="Authority">
  <leader>00567cx  a2200181   4500</leader>
  <controlfield tag="001">FRBNF141734792</controlfield>
  <controlfield tag="003">http://catalogue.bnf.fr/ark:/12148/cb14173479f</controlfield>
  <controlfield tag="005">20090806</controlfield>
  <datafield tag="100" ind1=" " ind2=" ">
    <subfield code="a">20030310afrey50      ba0</subfield>
  </datafield>
  <datafield tag="102" ind1=" " ind2=" ">
    <subfield code="a">XX</subfield>
  </datafield>
  <datafield tag="103" ind1=" " ind2=" ">
    <subfield code="a"> 19..</subfield>
  </datafield>
  <datafield tag="105" ind1=" " ind2=" ">
    <subfield code="a">i</subfield>
  </datafield>
  <datafield tag="106" ind1=" " ind2=" ">
    <subfield code="a">1</subfield>
  </datafield>
  <datafield tag="120" ind1=" " ind2=" ">
    <subfield code="a">a</subfield>
  </datafield>
  <datafield tag="152" ind1=" " ind2=" ">
    <subfield code="c">2</subfield>
  </datafield>
  <datafield tag="200" ind1=" " ind2=" ">
    <subfield code="7">ba0yba0y</subfield>
    <subfield code="8">fre   </subfield>
    <subfield code="9"> 0 </subfield>
    <subfield code="a">Duchiron</subfield>
    <subfield code="b">Marie-Laetitia</subfield>
  </datafield>
  <datafield tag="801" ind1=" " ind2=" ">
    <subfield code="a">FR</subfield>
    <subfield code="b">FR-751131015</subfield>
    <subfield code="c">20090806</subfield>
  </datafield>
  <datafield tag="810" ind1=" " ind2=" ">
    <subfield code="a">Dracula [Enregistrement sonore] : fin / Bram Stoker, aut. ; [...] Pierre Val, Florianne Galber, Marie-Laetitia Duchiron... [et al.], voix. Livraphone LIV209</subfield>
  </datafield>
</record>