
<record format="UNIMARC" type="Authority">
  <leader>00918cx  b2200265   4500</leader>
  <controlfield tag="001">FRBNF139058638</controlfield>
  <controlfield tag="003">http://catalogue.bnf.fr/ark:/12148/cb13905863f</controlfield>
  <controlfield tag="005">20070612</controlfield>
  <datafield tag="010" ind1=" " ind2=" ">
    <subfield code="a">0000000123084612</subfield>
    <subfield code="2">VIAF</subfield>
    <subfield code="d">20130731</subfield>
  </datafield>
  <datafield tag="100" ind1=" " ind2=" ">
    <subfield code="a">19890601afrey50      ba0</subfield>
  </datafield>
  <datafield tag="102" ind1=" " ind2=" ">
    <subfield code="a">DE</subfield>
  </datafield>
  <datafield tag="103" ind1=" " ind2=" ">
    <subfield code="a"> 1969</subfield>
  </datafield>
  <datafield tag="105" ind1=" " ind2=" ">
    <subfield code="a">a</subfield>
    <subfield code="a">i</subfield>
  </datafield>
  <datafield tag="106" ind1=" " ind2=" ">
    <subfield code="a">1</subfield>
  </datafield>
  <datafield tag="150" ind1=" " ind2=" ">
    <subfield code="a">y</subfield>
    <subfield code="b">v8</subfield>
  </datafield>
  <datafield tag="152" ind1=" " ind2=" ">
    <subfield code="c">2</subfield>
  </datafield>
  <datafield tag="210" ind1=" " ind2=" ">
    <subfield code="7">ba0yba0y</subfield>
    <subfield code="8">fre   </subfield>
    <subfield code="9">20 </subfield>
    <subfield code="a">Popol Vuh</subfield>
  </datafield>
  <datafield tag="300" ind1="0" ind2=" ">
    <subfield code="a">Groupe de rock progressif</subfield>
  </datafield>
  <datafield tag="303" ind1=" " ind2=" ">
    <subfield code="a">Munich (Allemagne)</subfield>
  </datafield>
  <datafield tag="307" ind1=" " ind2=" ">
    <subfield code="a">Fricke, Florian</subfield>
    <subfield code="a">Fielder, Frank</subfield>
    <subfield code="a">Trulksch, Holger</subfield>
    <subfield code="a">Eliscu, Robert</subfield>
    <subfield code="a">Fischlescher, Daniel</subfield>
  </datafield>
  <datafield tag="500" ind1=" " ind2=" ">
    <subfield code="5">z</subfield>
    <subfield code="0">A pour membre : </subfield>
    <subfield code="3">14051210</subfield>
    <subfield code="7">ba0yba0y</subfield>
    <subfield code="8">fre   </subfield>
    <subfield code="9"> 0 </subfield>
    <subfield code="a">Fricke</subfield>
    <subfield code="b">Florian</subfield>
    <subfield code="f">1944-2001</subfield>
  </datafield>
  <datafield tag="801" ind1=" " ind2=" ">
    <subfield code="a">FR</subfield>
    <subfield code="b">FR-751131015</subfield>
    <subfield code="c">20070612</subfield>
  </datafield>
  <datafield tag="810" ind1=" " ind2=" ">
    <subfield code="a">Music for relaxation concentration meditation [Enregistrement sonore]. Milan MC846909</subfield>
  </datafield>
  <datafield tag="810" ind1=" " ind2=" ">
    <subfield code="a">AMG - http://allmusic.com (2000-07-31)</subfield>
  </datafield>
  <datafield tag="856" ind1=" " ind2=" ">
    <subfield code="u">http://allmusic.com</subfield>
    <subfield code="e">2000-07-31</subfield>
  </datafield>
</record>