
<record format="UNIMARC" type="Authority">
  <leader>01410cx  l2200289   4500</leader>
  <controlfield tag="001">FRBNF13545625X</controlfield>
  <controlfield tag="003">http://catalogue.bnf.fr/ark:/12148/cb13545625g</controlfield>
  <controlfield tag="005">20160601</controlfield>
  <datafield tag="039" ind1=" " ind2=" ">
    <subfield code="o">OPL</subfield>
    <subfield code="a">014845435</subfield>
  </datafield>
  <datafield tag="100" ind1=" " ind2=" ">
    <subfield code="a">20000311afrey50      ba0</subfield>
  </datafield>
  <datafield tag="106" ind1=" " ind2=" ">
    <subfield code="a">211</subfield>
  </datafield>
  <datafield tag="152" ind1=" " ind2=" ">
    <subfield code="b">rameau</subfield>
    <subfield code="c">2</subfield>
  </datafield>
  <datafield tag="180" ind1=" " ind2=" ">
    <subfield code="a">b</subfield>
  </datafield>
  <datafield tag="280" ind1=" " ind2="0">
    <subfield code="7">ba0yba0y</subfield>
    <subfield code="8">fre   </subfield>
    <subfield code="a">Films de danse</subfield>
  </datafield>
  <datafield tag="330" ind1=" " ind2=" ">
    <subfield code="a">Sous cette vedette, on trouve les films de danse eux-mêmes. Les documents sur ce genre cinématographique se trouvent sous la vedette Films de danse suivie de Histoire et critique ou de toute autre subdivision de sujet ou de forme appropriée. [Note d&apos;application à mettre à jour]</subfield>
  </datafield>
  <datafield tag="480" ind1=" " ind2="0">
    <subfield code="7">ba0yba0y</subfield>
    <subfield code="8">fre   </subfield>
    <subfield code="a">Danse, Films de</subfield>
  </datafield>
  <datafield tag="480" ind1=" " ind2="0">
    <subfield code="7">ba0yba0y</subfield>
    <subfield code="8">fre   </subfield>
    <subfield code="a">Vidéo-danse</subfield>
  </datafield>
  <datafield tag="480" ind1=" " ind2="0">
    <subfield code="7">ba0yba0y</subfield>
    <subfield code="8">fre   </subfield>
    <subfield code="a">Vidéos de danse</subfield>
  </datafield>
  <datafield tag="550" ind1=" " ind2=" ">
    <subfield code="5">z</subfield>
    <subfield code="0">Voir aussi</subfield>
    <subfield code="3">11931841</subfield>
    <subfield code="7">ba0yba0y</subfield>
    <subfield code="8">fre   </subfield>
    <subfield code="a">Danse</subfield>
  </datafield>
  <datafield tag="580" ind1=" " ind2="0">
    <subfield code="5">z</subfield>
    <subfield code="0">Voir aussi</subfield>
    <subfield code="3">16162704</subfield>
    <subfield code="7">ba0yba0y</subfield>
    <subfield code="8">fre   </subfield>
    <subfield code="a">Spectacles captés</subfield>
  </datafield>
  <datafield tag="580" ind1=" " ind2="0">
    <subfield code="5">g</subfield>
    <subfield code="3">11936118</subfield>
    <subfield code="7">ba0yba0y</subfield>
    <subfield code="8">fre   </subfield>
    <subfield code="a">Cinéma</subfield>
  </datafield>
  <datafield tag="686" ind1=" " ind2=" ">
    <subfield code="a">790</subfield>
    <subfield code="c">Spectacles et loisirs (généralités)</subfield>
    <subfield code="2">Note de regroupement par domaine</subfield>
  </datafield>
  <datafield tag="686" ind1=" " ind2=" ">
    <subfield code="a">791</subfield>
    <subfield code="c">Audiovisuel</subfield>
    <subfield code="2">Note de regroupement par domaine</subfield>
  </datafield>
  <datafield tag="801" ind1=" " ind2=" ">
    <subfield code="a">FR</subfield>
    <subfield code="b">FR-751131015</subfield>
    <subfield code="c">20160601</subfield>
  </datafield>
  <datafield tag="810" ind1=" " ind2=" ">
    <subfield code="a">Dict. de la danse / P. Le Moal, 1999</subfield>
    <subfield code="a">Meg Stuart : Bild in Bewegung und Choreographie / A. Jochim, 2008</subfield>
    <subfield code="a">Filmer la danse / J. Aubenas, 2006</subfield>
  </datafield>
  <datafield tag="822" ind1="1" ind2="2">
    <subfield code="a">Films de danse</subfield>
    <subfield code="2">RVMLaval</subfield>
    <subfield code="d">2016-06-01</subfield>
  </datafield>
  <datafield tag="822" ind1="1" ind2="1">
    <subfield code="2">LCSH</subfield>
    <subfield code="d">2016-06-01</subfield>
  </datafield>
</record>