
<record format="UNIMARC" type="Authority">
  <leader>01448cx  b2200349   4500</leader>
  <controlfield tag="001">FRBNF119453097</controlfield>
  <controlfield tag="003">http://catalogue.bnf.fr/ark:/12148/cb11945309t</controlfield>
  <controlfield tag="005">20121124</controlfield>
  <datafield tag="010" ind1=" " ind2=" ">
    <subfield code="a">0000000123753986</subfield>
    <subfield code="2">VIAF</subfield>
    <subfield code="d">20130724</subfield>
  </datafield>
  <datafield tag="039" ind1=" " ind2=" ">
    <subfield code="o">OPL</subfield>
    <subfield code="a">001700849</subfield>
    <subfield code="z">AMA</subfield>
  </datafield>
  <datafield tag="100" ind1=" " ind2=" ">
    <subfield code="a">19820527afrey50      ba0</subfield>
  </datafield>
  <datafield tag="101" ind1=" " ind2=" ">
    <subfield code="a">fre</subfield>
  </datafield>
  <datafield tag="102" ind1=" " ind2=" ">
    <subfield code="a">FR</subfield>
  </datafield>
  <datafield tag="103" ind1=" " ind2=" ">
    <subfield code="a"> 1672</subfield>
  </datafield>
  <datafield tag="105" ind1=" " ind2=" ">
    <subfield code="a">a</subfield>
    <subfield code="a">i</subfield>
    <subfield code="a">p</subfield>
  </datafield>
  <datafield tag="106" ind1=" " ind2=" ">
    <subfield code="a">010</subfield>
  </datafield>
  <datafield tag="150" ind1=" " ind2=" ">
    <subfield code="a">z</subfield>
    <subfield code="b">t</subfield>
  </datafield>
  <datafield tag="210" ind1=" " ind2=" ">
    <subfield code="7">ba0yba0y</subfield>
    <subfield code="8">fre   </subfield>
    <subfield code="9">20 </subfield>
    <subfield code="a">Opéra national de Paris</subfield>
    <subfield code="b">Ballet</subfield>
  </datafield>
  <datafield tag="300" ind1=" " ind2=" ">
    <subfield code="a">Fondé par Pierre Beauchamp à l&apos;initiative de Louis XIV</subfield>
  </datafield>
  <datafield tag="303" ind1=" " ind2=" ">
    <subfield code="a">Palais Garnier : 8 rue Scribe, 75009 Paris</subfield>
  </datafield>
  <datafield tag="410" ind1=" " ind2=" ">
    <subfield code="7">ba0yba0y</subfield>
    <subfield code="8">fre   </subfield>
    <subfield code="a">Opéra de Paris</subfield>
    <subfield code="b">Ballet</subfield>
  </datafield>
  <datafield tag="410" ind1=" " ind2=" ">
    <subfield code="7">ba0yba0y</subfield>
    <subfield code="8">fre   </subfield>
    <subfield code="a">Opéra national de Paris</subfield>
    <subfield code="b">Corps de ballet</subfield>
  </datafield>
  <datafield tag="410" ind1=" " ind2=" ">
    <subfield code="7">ba0yba0y</subfield>
    <subfield code="8">fre   </subfield>
    <subfield code="a">Ballet du Théâtre national de l&apos;Opéra de Paris</subfield>
  </datafield>
  <datafield tag="410" ind1=" " ind2=" ">
    <subfield code="7">ba0yba0y</subfield>
    <subfield code="8">fre   </subfield>
    <subfield code="a">Ballet de l&apos;Opéra de Paris</subfield>
  </datafield>
  <datafield tag="410" ind1=" " ind2=" ">
    <subfield code="7">ba0yba0y</subfield>
    <subfield code="8">fre   </subfield>
    <subfield code="a">Ballet de l&apos;Opéra national de Paris</subfield>
  </datafield>
  <datafield tag="410" ind1=" " ind2=" ">
    <subfield code="7">ba0yba0y</subfield>
    <subfield code="8">fre   </subfield>
    <subfield code="a">Corps de ballet de l&apos;Opéra de Paris</subfield>
  </datafield>
  <datafield tag="415" ind1=" " ind2=" ">
    <subfield code="7">ba0yba0y</subfield>
    <subfield code="8">fre   </subfield>
    <subfield code="a">Paris (France)</subfield>
    <subfield code="x">Ballet de l&apos;Opéra</subfield>
  </datafield>
  <datafield tag="510" ind1=" " ind2=" ">
    <subfield code="5">z</subfield>
    <subfield code="0">Regroupé par</subfield>
    <subfield code="3">11865646</subfield>
    <subfield code="7">ba0yba0y</subfield>
    <subfield code="8">fre   </subfield>
    <subfield code="9">20 </subfield>
    <subfield code="a">Opéra national de Paris</subfield>
  </datafield>
  <datafield tag="550" ind1=" " ind2=" ">
    <subfield code="5">g</subfield>
    <subfield code="3">12443630</subfield>
    <subfield code="7">ba0yba0y</subfield>
    <subfield code="8">fre   </subfield>
    <subfield code="a">Compagnies de danse</subfield>
    <subfield code="y">France</subfield>
  </datafield>
  <datafield tag="686" ind1=" " ind2=" ">
    <subfield code="a">790</subfield>
    <subfield code="c">Spectacles et loisirs (généralités)</subfield>
    <subfield code="2">Note de regroupement par domaine</subfield>
  </datafield>
  <datafield tag="801" ind1=" " ind2=" ">
    <subfield code="a">FR</subfield>
    <subfield code="b">FR-751131015</subfield>
    <subfield code="c">20121124</subfield>
  </datafield>
  <datafield tag="856" ind1=" " ind2=" ">
    <subfield code="u">http://www.opera-de-paris.fr/ballet</subfield>
    <subfield code="e">2003-06-17</subfield>
  </datafield>
</record>