
<record format="UNIMARC" type="Authority">
  <leader>00602cx  a2200205   4500</leader>
  <controlfield tag="001">FRBNF133438103</controlfield>
  <controlfield tag="003">http://catalogue.bnf.fr/ark:/12148/cb133438105</controlfield>
  <controlfield tag="005">20090818</controlfield>
  <datafield tag="010" ind1=" " ind2=" ">
    <subfield code="a">0000000385239039</subfield>
    <subfield code="2">ISNI</subfield>
    <subfield code="d">20160215</subfield>
  </datafield>
  <datafield tag="039" ind1=" " ind2=" ">
    <subfield code="o">OPL</subfield>
    <subfield code="a">014173941</subfield>
  </datafield>
  <datafield tag="100" ind1=" " ind2=" ">
    <subfield code="a">19981211afrey50      ba0</subfield>
  </datafield>
  <datafield tag="101" ind1=" " ind2=" ">
    <subfield code="a">fre</subfield>
    <subfield code="t">eng</subfield>
  </datafield>
  <datafield tag="102" ind1=" " ind2=" ">
    <subfield code="a">FR</subfield>
  </datafield>
  <datafield tag="103" ind1=" " ind2=" ">
    <subfield code="a"> 19..</subfield>
  </datafield>
  <datafield tag="105" ind1=" " ind2=" ">
    <subfield code="a">a</subfield>
  </datafield>
  <datafield tag="106" ind1=" " ind2=" ">
    <subfield code="a">1</subfield>
  </datafield>
  <datafield tag="120" ind1=" " ind2=" ">
    <subfield code="a">a</subfield>
  </datafield>
  <datafield tag="200" ind1=" " ind2=" ">
    <subfield code="7">ba0yba0y</subfield>
    <subfield code="8">fre   </subfield>
    <subfield code="9"> 0 </subfield>
    <subfield code="a">Jouve</subfield>
    <subfield code="b">Michèle</subfield>
    <subfield code="f">19..-....</subfield>
    <subfield code="c">angliciste</subfield>
  </datafield>
  <datafield tag="801" ind1=" " ind2=" ">
    <subfield code="a">FR</subfield>
    <subfield code="b">FR-751131015</subfield>
    <subfield code="c">20090818</subfield>
  </datafield>
  <datafield tag="810" ind1=" " ind2=" ">
    <subfield code="a">Petits plaisirs de Noël / Mary Norden ; [trad.-adapt. par Michèle et Franck Jouve], 2001</subfield>
  </datafield>
</record>