
<record format="UNIMARC" type="Authority">
  <leader>00625nx  a2200193   4500</leader>
  <controlfield tag="001">FRBNF165084538</controlfield>
  <controlfield tag="003">http://catalogue.bnf.fr/ark:/12148/cb16508453g</controlfield>
  <datafield tag="100" ind1=" " ind2=" ">
    <subfield code="a">20110511afrey50      ba0</subfield>
  </datafield>
  <datafield tag="102" ind1=" " ind2=" ">
    <subfield code="a">XX</subfield>
  </datafield>
  <datafield tag="105" ind1=" " ind2=" ">
    <subfield code="a">i</subfield>
  </datafield>
  <datafield tag="106" ind1=" " ind2=" ">
    <subfield code="a">1</subfield>
  </datafield>
  <datafield tag="120" ind1=" " ind2=" ">
    <subfield code="a">a</subfield>
  </datafield>
  <datafield tag="152" ind1=" " ind2=" ">
    <subfield code="c">2</subfield>
  </datafield>
  <datafield tag="200" ind1=" " ind2=" ">
    <subfield code="7">ba0yba0y</subfield>
    <subfield code="8">fre   </subfield>
    <subfield code="9"> 0 </subfield>
    <subfield code="a">Birtwhistle</subfield>
    <subfield code="b">Tara</subfield>
  </datafield>
  <datafield tag="300" ind1="0" ind2=" ">
    <subfield code="a">Actrice</subfield>
  </datafield>
  <datafield tag="801" ind1=" " ind2=" ">
    <subfield code="a">FR</subfield>
    <subfield code="b">FR-751131015</subfield>
    <subfield code="c">20110511</subfield>
  </datafield>
  <datafield tag="810" ind1=" " ind2=" ">
    <subfield code="a">Cowards bend the knee [Images animées] / Guy Maddin, réal. ; Tara Birtwhistle, act. ED distribution, 2011</subfield>
  </datafield>
  <datafield tag="810" ind1=" " ind2=" ">
    <subfield code="a">IMDB - http://www.imdb.fr/name/nm1039461 (2011-05-11)</subfield>
  </datafield>
  <datafield tag="856" ind1=" " ind2=" ">
    <subfield code="u">http://www.imdb.fr/name/nm1039461/</subfield>
    <subfield code="e">2011-05-11</subfield>
  </datafield>
</record>