
<record format="UNIMARC" type="Authority">
  <leader>00705cx  b2200193   4500</leader>
  <controlfield tag="001">FRBNF138818369</controlfield>
  <controlfield tag="003">http://catalogue.bnf.fr/ark:/12148/cb138818362</controlfield>
  <controlfield tag="005">20020531</controlfield>
  <datafield tag="100" ind1=" " ind2=" ">
    <subfield code="a">19890601afrey50      ba0</subfield>
  </datafield>
  <datafield tag="102" ind1=" " ind2=" ">
    <subfield code="a">US</subfield>
  </datafield>
  <datafield tag="105" ind1=" " ind2=" ">
    <subfield code="c">a</subfield>
    <subfield code="d">h</subfield>
    <subfield code="d">r</subfield>
  </datafield>
  <datafield tag="106" ind1=" " ind2=" ">
    <subfield code="a">1</subfield>
  </datafield>
  <datafield tag="150" ind1=" " ind2=" ">
    <subfield code="a">y</subfield>
  </datafield>
  <datafield tag="152" ind1=" " ind2=" ">
    <subfield code="c">2</subfield>
  </datafield>
  <datafield tag="210" ind1=" " ind2=" ">
    <subfield code="7">ba0yba0y</subfield>
    <subfield code="8">fre   </subfield>
    <subfield code="9"> 0 </subfield>
    <subfield code="a">Lions gate productions</subfield>
  </datafield>
  <datafield tag="300" ind1="0" ind2=" ">
    <subfield code="a">Société de production appartenant à Lions gate entertainment</subfield>
  </datafield>
  <datafield tag="303" ind1=" " ind2=" ">
    <subfield code="a">4553 Glencoe Av. , 90292 Marina del Rey, Calif.</subfield>
  </datafield>
  <datafield tag="801" ind1=" " ind2=" ">
    <subfield code="a">FR</subfield>
    <subfield code="b">FR-751131015</subfield>
    <subfield code="c">20020531</subfield>
  </datafield>
  <datafield tag="810" ind1=" " ind2=" ">
    <subfield code="a">Lions gate entertainment (http://www.lionsgate-ent.com), 2002-05-31</subfield>
    <subfield code="a">Hoover&apos;s online (http://www.hoovers.com), 2002-05-31</subfield>
    <subfield code="a">American psycho. Lions gate productions, 2000</subfield>
  </datafield>
</record>