
<record format="UNIMARC" type="Authority">
  <leader>00595cx  a2200193   4500</leader>
  <controlfield tag="001">FRBNF139382992</controlfield>
  <controlfield tag="003">http://catalogue.bnf.fr/ark:/12148/cb139382994</controlfield>
  <controlfield tag="005">20090505</controlfield>
  <datafield tag="039" ind1=" " ind2=" ">
    <subfield code="o">OPP</subfield>
    <subfield code="a">14684263</subfield>
    <subfield code="d">20080502</subfield>
  </datafield>
  <datafield tag="100" ind1=" " ind2=" ">
    <subfield code="a">19910528afrey50      ba0</subfield>
  </datafield>
  <datafield tag="102" ind1=" " ind2=" ">
    <subfield code="a">FR</subfield>
  </datafield>
  <datafield tag="103" ind1=" " ind2=" ">
    <subfield code="a"> 19..</subfield>
  </datafield>
  <datafield tag="105" ind1=" " ind2=" ">
    <subfield code="a">i</subfield>
  </datafield>
  <datafield tag="106" ind1=" " ind2=" ">
    <subfield code="a">1</subfield>
  </datafield>
  <datafield tag="120" ind1=" " ind2=" ">
    <subfield code="a">b</subfield>
  </datafield>
  <datafield tag="200" ind1=" " ind2=" ">
    <subfield code="7">ba0yba0y</subfield>
    <subfield code="8">fre   </subfield>
    <subfield code="9"> 0 </subfield>
    <subfield code="a">Hérisson</subfield>
    <subfield code="b">Philippe</subfield>
  </datafield>
  <datafield tag="300" ind1="0" ind2=" ">
    <subfield code="a">Acteur</subfield>
  </datafield>
  <datafield tag="801" ind1=" " ind2=" ">
    <subfield code="a">FR</subfield>
    <subfield code="b">FR-751131015</subfield>
    <subfield code="c">20090505</subfield>
  </datafield>
  <datafield tag="810" ind1=" " ind2=" ">
    <subfield code="a">Atala [Enregistrement sonore] / Chateaubriand ; Gérard Keindo, Jean-Pierre Lituac, Evelyne Lecucq, Philippe Hérisson, voix.- Livraphone LIV168</subfield>
  </datafield>
</record>