
<record format="UNIMARC" type="Authority">
  <leader>01625cx  l2200361   4500</leader>
  <controlfield tag="001">FRBNF11980577X</controlfield>
  <controlfield tag="003">http://catalogue.bnf.fr/ark:/12148/cb11980577g</controlfield>
  <controlfield tag="005">20160602</controlfield>
  <datafield tag="039" ind1=" " ind2=" ">
    <subfield code="o">OPL</subfield>
    <subfield code="a">002184086</subfield>
  </datafield>
  <datafield tag="100" ind1=" " ind2=" ">
    <subfield code="a">19850707afrey50      ba0</subfield>
  </datafield>
  <datafield tag="106" ind1=" " ind2=" ">
    <subfield code="a">211</subfield>
  </datafield>
  <datafield tag="152" ind1=" " ind2=" ">
    <subfield code="b">rameau</subfield>
    <subfield code="c">2</subfield>
  </datafield>
  <datafield tag="180" ind1=" " ind2=" ">
    <subfield code="a">b</subfield>
  </datafield>
  <datafield tag="280" ind1=" " ind2="0">
    <subfield code="7">ba0yba0y</subfield>
    <subfield code="8">fre   </subfield>
    <subfield code="a">Films d&apos;horreur</subfield>
  </datafield>
  <datafield tag="480" ind1=" " ind2="0">
    <subfield code="7">ba0yba0y</subfield>
    <subfield code="8">fre   </subfield>
    <subfield code="a">Cinéma d&apos;horreur</subfield>
  </datafield>
  <datafield tag="480" ind1=" " ind2="0">
    <subfield code="7">ba0yba0y</subfield>
    <subfield code="8">fre   </subfield>
    <subfield code="a">Films d&apos;épouvante</subfield>
  </datafield>
  <datafield tag="480" ind1=" " ind2="0">
    <subfield code="7">ba0yba0y</subfield>
    <subfield code="8">fre   </subfield>
    <subfield code="9">  2</subfield>
    <subfield code="a">Films de monstres</subfield>
  </datafield>
  <datafield tag="480" ind1=" " ind2="0">
    <subfield code="7">ba0yba0y</subfield>
    <subfield code="8">fre   </subfield>
    <subfield code="a">Films de terreur</subfield>
  </datafield>
  <datafield tag="480" ind1=" " ind2="0">
    <subfield code="7">ba0yba0y</subfield>
    <subfield code="8">fre   </subfield>
    <subfield code="a">Horreur</subfield>
    <subfield code="x">Films</subfield>
  </datafield>
  <datafield tag="480" ind1=" " ind2="0">
    <subfield code="7">ba0yba0y</subfield>
    <subfield code="8">fre   </subfield>
    <subfield code="a">Monstres</subfield>
    <subfield code="x">Films</subfield>
  </datafield>
  <datafield tag="550" ind1=" " ind2=" ">
    <subfield code="5">z</subfield>
    <subfield code="0">Voir aussi</subfield>
    <subfield code="3">12249836</subfield>
    <subfield code="7">ba0yba0y</subfield>
    <subfield code="8">fre   </subfield>
    <subfield code="a">Horreur</subfield>
  </datafield>
  <datafield tag="550" ind1=" " ind2=" ">
    <subfield code="5">z</subfield>
    <subfield code="0">Voir aussi</subfield>
    <subfield code="3">11963348</subfield>
    <subfield code="7">ba0yba0y</subfield>
    <subfield code="8">fre   </subfield>
    <subfield code="a">Monstres</subfield>
  </datafield>
  <datafield tag="580" ind1=" " ind2="0">
    <subfield code="5">h</subfield>
    <subfield code="3">11931407</subfield>
    <subfield code="7">ba0yba0y</subfield>
    <subfield code="8">fre   </subfield>
    <subfield code="a">Films de vampires</subfield>
  </datafield>
  <datafield tag="580" ind1=" " ind2="0">
    <subfield code="5">h</subfield>
    <subfield code="3">13747837</subfield>
    <subfield code="7">ba0yba0y</subfield>
    <subfield code="8">fre   </subfield>
    <subfield code="a">Films de zombis</subfield>
  </datafield>
  <datafield tag="580" ind1=" " ind2="0">
    <subfield code="5">h</subfield>
    <subfield code="3">17050234</subfield>
    <subfield code="7">ba0yba0y</subfield>
    <subfield code="8">fre   </subfield>
    <subfield code="a">Films gore</subfield>
  </datafield>
  <datafield tag="580" ind1=" " ind2="0">
    <subfield code="5">h</subfield>
    <subfield code="3">16945332</subfield>
    <subfield code="7">ba0yba0y</subfield>
    <subfield code="8">fre   </subfield>
    <subfield code="a">Slashers</subfield>
  </datafield>
  <datafield tag="580" ind1=" " ind2="0">
    <subfield code="5">g</subfield>
    <subfield code="3">16242273</subfield>
    <subfield code="7">ba0yba0y</subfield>
    <subfield code="8">fre   </subfield>
    <subfield code="a">Films de fiction</subfield>
  </datafield>
  <datafield tag="686" ind1=" " ind2=" ">
    <subfield code="a">791</subfield>
    <subfield code="c">Audiovisuel</subfield>
    <subfield code="2">Note de regroupement par domaine</subfield>
  </datafield>
  <datafield tag="801" ind1=" " ind2=" ">
    <subfield code="a">FR</subfield>
    <subfield code="b">FR-751131015</subfield>
    <subfield code="c">20160602</subfield>
  </datafield>
  <datafield tag="810" ind1=" " ind2=" ">
    <subfield code="a">L&apos;art de faire peur : des récits légendaires aux films d&apos;horreur / M. Roberge, 2004</subfield>
    <subfield code="a">Dict. du cinéma / J.-L. Passek, 1991 (art. : Karloff, William Henry Pratt, dit Boris)</subfield>
  </datafield>
  <datafield tag="822" ind1="1" ind2="2">
    <subfield code="a">Films d&apos;horreur</subfield>
    <subfield code="2">RVMLaval</subfield>
    <subfield code="d">2016-06-02</subfield>
  </datafield>
  <datafield tag="822" ind1="1" ind2=" ">
    <subfield code="a">Horror films</subfield>
    <subfield code="2">LCSH</subfield>
    <subfield code="u">http://id.loc.gov/authorities/subjects/sh85062077</subfield>
    <subfield code="d">2017-02-09</subfield>
  </datafield>
  <datafield tag="822" ind1="1" ind2=" ">
    <subfield code="a">Monster films</subfield>
    <subfield code="2">LCSH</subfield>
    <subfield code="u">http://id.loc.gov/authorities/subjects/sh2007008609</subfield>
    <subfield code="d">2017-02-09</subfield>
  </datafield>
</record>