
<record format="UNIMARC" type="Authority">
  <leader>01442cx  l2200277   4500</leader>
  <controlfield tag="001">FRBNF119805399</controlfield>
  <controlfield tag="003">http://catalogue.bnf.fr/ark:/12148/cb11980539x</controlfield>
  <controlfield tag="005">20200305</controlfield>
  <datafield tag="039" ind1=" " ind2=" ">
    <subfield code="o">OPL</subfield>
    <subfield code="a">002183632</subfield>
  </datafield>
  <datafield tag="100" ind1=" " ind2=" ">
    <subfield code="a">19850707afrey50      ba0</subfield>
  </datafield>
  <datafield tag="106" ind1=" " ind2=" ">
    <subfield code="a">211</subfield>
  </datafield>
  <datafield tag="152" ind1=" " ind2=" ">
    <subfield code="b">rameau</subfield>
    <subfield code="c">2</subfield>
  </datafield>
  <datafield tag="180" ind1=" " ind2=" ">
    <subfield code="a">a</subfield>
  </datafield>
  <datafield tag="280" ind1=" " ind2="0">
    <subfield code="7">ba0yba0y</subfield>
    <subfield code="8">fre   </subfield>
    <subfield code="a">Affiches de cinéma</subfield>
  </datafield>
  <datafield tag="305" ind1="1" ind2=" ">
    <subfield code="a">Voir aussi la subdivision de sujet ou de forme Affiches à tous sujets noms communs et noms propres pour des études sur des affiches ou des recueils d&apos;affiches dont le cinéma est le thème, par ex. : Films d&apos;aventures -- Affiches</subfield>
  </datafield>
  <datafield tag="480" ind1=" " ind2="0">
    <subfield code="7">ba0yba0y</subfield>
    <subfield code="8">fre   </subfield>
    <subfield code="a">Affiches de films</subfield>
  </datafield>
  <datafield tag="480" ind1=" " ind2="0">
    <subfield code="7">ba0yba0y</subfield>
    <subfield code="8">fre   </subfield>
    <subfield code="a">Cinéma</subfield>
    <subfield code="x">Affiches</subfield>
  </datafield>
  <datafield tag="550" ind1=" " ind2=" ">
    <subfield code="5">g</subfield>
    <subfield code="3">12066913</subfield>
    <subfield code="7">ba0yba0y</subfield>
    <subfield code="8">fre   </subfield>
    <subfield code="a">Cinéma</subfield>
    <subfield code="x">Publicité</subfield>
  </datafield>
  <datafield tag="580" ind1=" " ind2="0">
    <subfield code="5">g</subfield>
    <subfield code="3">11952386</subfield>
    <subfield code="7">ba0yba0y</subfield>
    <subfield code="8">fre   </subfield>
    <subfield code="a">Affiches de spectacle</subfield>
  </datafield>
  <datafield tag="686" ind1=" " ind2=" ">
    <subfield code="a">760</subfield>
    <subfield code="c">Arts graphiques</subfield>
    <subfield code="2">Note de regroupement par domaine</subfield>
  </datafield>
  <datafield tag="686" ind1=" " ind2=" ">
    <subfield code="a">791</subfield>
    <subfield code="c">Audiovisuel</subfield>
    <subfield code="2">Note de regroupement par domaine</subfield>
  </datafield>
  <datafield tag="801" ind1=" " ind2=" ">
    <subfield code="a">FR</subfield>
    <subfield code="b">FR-751131015</subfield>
    <subfield code="c">20200305</subfield>
  </datafield>
  <datafield tag="810" ind1=" " ind2=" ">
    <subfield code="a">100 ans d&apos;affiches de cinéma : description et cote de 20 000 affiches / S. Choko, 1995</subfield>
    <subfield code="a">L&apos;affiche de cinéma : le cinéma français / J.-L. Capitaine, B. J. M. Charton, 1983</subfield>
  </datafield>
  <datafield tag="822" ind1="1" ind2="2">
    <subfield code="a">Affiches de cinéma</subfield>
    <subfield code="2">RVMLaval</subfield>
    <subfield code="d">2020-02-23</subfield>
  </datafield>
  <datafield tag="822" ind1="1" ind2="2">
    <subfield code="a">Film posters</subfield>
    <subfield code="2">LCGFT</subfield>
    <subfield code="u">http://id.loc.gov/authorities/genreForms/gf2017026118</subfield>
    <subfield code="d">2020-03-05</subfield>
  </datafield>
  <datafield tag="822" ind1="1" ind2="2">
    <subfield code="a">Film posters</subfield>
    <subfield code="2">LCSH</subfield>
    <subfield code="u">http://id.loc.gov/authorities/subjects/sh85048229</subfield>
    <subfield code="d">2020-02-09</subfield>
  </datafield>
</record>