
<record format="UNIMARC" type="Authority">
  <leader>00721cx  a2200205   4500</leader>
  <controlfield tag="001">FRBNF14623074X</controlfield>
  <controlfield tag="003">http://catalogue.bnf.fr/ark:/12148/cb14623074f</controlfield>
  <controlfield tag="005">20050602</controlfield>
  <datafield tag="010" ind1=" " ind2=" ">
    <subfield code="a">000000000323564X</subfield>
    <subfield code="2">ISNI</subfield>
    <subfield code="d">20150312</subfield>
  </datafield>
  <datafield tag="100" ind1=" " ind2=" ">
    <subfield code="a">20050422afrey50      ba0</subfield>
  </datafield>
  <datafield tag="101" ind1=" " ind2=" ">
    <subfield code="a">fre</subfield>
  </datafield>
  <datafield tag="102" ind1=" " ind2=" ">
    <subfield code="a">FR</subfield>
  </datafield>
  <datafield tag="103" ind1=" " ind2=" ">
    <subfield code="a"> 19770413</subfield>
  </datafield>
  <datafield tag="105" ind1=" " ind2=" ">
    <subfield code="a">a</subfield>
  </datafield>
  <datafield tag="106" ind1=" " ind2=" ">
    <subfield code="a">1</subfield>
  </datafield>
  <datafield tag="120" ind1=" " ind2=" ">
    <subfield code="a">a</subfield>
  </datafield>
  <datafield tag="200" ind1=" " ind2=" ">
    <subfield code="7">ba0yba0y</subfield>
    <subfield code="8">fre   </subfield>
    <subfield code="9"> 0 </subfield>
    <subfield code="a">Deschamps</subfield>
    <subfield code="b">Fanny</subfield>
    <subfield code="f">1977-....</subfield>
  </datafield>
  <datafield tag="300" ind1="0" ind2=" ">
    <subfield code="a">Professeur de français et responsable du service éducatif du Musée départemental des antiquités de Rouen (en 2004)</subfield>
  </datafield>
  <datafield tag="801" ind1=" " ind2=" ">
    <subfield code="a">FR</subfield>
    <subfield code="b">FR-751131015</subfield>
    <subfield code="c">20050602</subfield>
  </datafield>
  <datafield tag="810" ind1=" " ind2=" ">
    <subfield code="a">Lire l&apos;image au collège et au lycée en cours de français : images fixes et images mobiles / Fanny Deschamps, 2004</subfield>
  </datafield>
</record>