
<record format="UNIMARC" type="Authority">
  <leader>00644cx  a2200217   4500</leader>
  <controlfield tag="001">FRBNF140481044</controlfield>
  <controlfield tag="003">http://catalogue.bnf.fr/ark:/12148/cb140481044</controlfield>
  <controlfield tag="005">20070601</controlfield>
  <datafield tag="010" ind1=" " ind2=" ">
    <subfield code="a">0000000115844474</subfield>
    <subfield code="2">VIAF</subfield>
    <subfield code="d">20130801</subfield>
  </datafield>
  <datafield tag="039" ind1=" " ind2=" ">
    <subfield code="o">OPP</subfield>
    <subfield code="a">13825564</subfield>
    <subfield code="d">20070601</subfield>
  </datafield>
  <datafield tag="100" ind1=" " ind2=" ">
    <subfield code="a">20020124afrey50      ba0</subfield>
  </datafield>
  <datafield tag="102" ind1=" " ind2=" ">
    <subfield code="a">US</subfield>
  </datafield>
  <datafield tag="103" ind1=" " ind2=" ">
    <subfield code="a"> 19120619  19860522</subfield>
  </datafield>
  <datafield tag="105" ind1=" " ind2=" ">
    <subfield code="a">i</subfield>
  </datafield>
  <datafield tag="106" ind1=" " ind2=" ">
    <subfield code="a">1</subfield>
  </datafield>
  <datafield tag="120" ind1=" " ind2=" ">
    <subfield code="a">b</subfield>
  </datafield>
  <datafield tag="152" ind1=" " ind2=" ">
    <subfield code="c">2</subfield>
  </datafield>
  <datafield tag="200" ind1=" " ind2=" ">
    <subfield code="7">ba0yba0y</subfield>
    <subfield code="8">fre   </subfield>
    <subfield code="9"> 0 </subfield>
    <subfield code="a">Gabel</subfield>
    <subfield code="b">Martin</subfield>
    <subfield code="f">1912-1986</subfield>
  </datafield>
  <datafield tag="300" ind1="0" ind2=" ">
    <subfield code="a">Acteur et réalisateur</subfield>
  </datafield>
  <datafield tag="801" ind1=" " ind2=" ">
    <subfield code="a">FR</subfield>
    <subfield code="b">FR-751131015</subfield>
    <subfield code="c">20070601</subfield>
  </datafield>
  <datafield tag="810" ind1=" " ind2=" ">
    <subfield code="a">The Macmillan international film encyclopedia, 1994</subfield>
    <subfield code="a">IMDB (http://us.imdb.com/), 2002-01-24</subfield>
  </datafield>
</record>