
<record format="UNIMARC" type="Authority">
  <leader>00723cx  a2200229   4500</leader>
  <controlfield tag="001">FRBNF150729036</controlfield>
  <controlfield tag="003">http://catalogue.bnf.fr/ark:/12148/cb150729039</controlfield>
  <controlfield tag="005">20171206</controlfield>
  <datafield tag="010" ind1=" " ind2=" ">
    <subfield code="a">0000000109899671</subfield>
    <subfield code="2">VIAF</subfield>
    <subfield code="d">20130805</subfield>
  </datafield>
  <datafield tag="100" ind1=" " ind2=" ">
    <subfield code="a">20060614afrey50      ba0</subfield>
  </datafield>
  <datafield tag="102" ind1=" " ind2=" ">
    <subfield code="a">PL</subfield>
  </datafield>
  <datafield tag="103" ind1=" " ind2=" ">
    <subfield code="a"> 1973</subfield>
  </datafield>
  <datafield tag="105" ind1=" " ind2=" ">
    <subfield code="a">a</subfield>
  </datafield>
  <datafield tag="106" ind1=" " ind2=" ">
    <subfield code="a">1</subfield>
  </datafield>
  <datafield tag="120" ind1=" " ind2=" ">
    <subfield code="a">b</subfield>
  </datafield>
  <datafield tag="152" ind1=" " ind2=" ">
    <subfield code="c">2</subfield>
  </datafield>
  <datafield tag="200" ind1=" " ind2=" ">
    <subfield code="7">ba0yba0y</subfield>
    <subfield code="8">fre   </subfield>
    <subfield code="9"> 0 </subfield>
    <subfield code="a">Kowalski</subfield>
    <subfield code="b">Piotr</subfield>
    <subfield code="f">1973-....</subfield>
  </datafield>
  <datafield tag="300" ind1="0" ind2=" ">
    <subfield code="a">Dessinateur de bandes dessinées</subfield>
  </datafield>
  <datafield tag="801" ind1=" " ind2=" ">
    <subfield code="a">FR</subfield>
    <subfield code="b">FR-751131015</subfield>
    <subfield code="c">20171206</subfield>
  </datafield>
  <datafield tag="810" ind1=" " ind2=" ">
    <subfield code="a">La branche Lincoln / [dessin de] Piotr Kowalski ; [scénario de] Emmanuel Herzet, 2006-</subfield>
  </datafield>
  <datafield tag="810" ind1=" " ind2=" ">
    <subfield code="a">BD paradiso - http://www.bdparadisio.com (2006-03-14)</subfield>
  </datafield>
  <datafield tag="856" ind1=" " ind2=" ">
    <subfield code="u">http://www.bdparadisio.com</subfield>
    <subfield code="e">2006-03-14</subfield>
  </datafield>
</record>