
<record format="UNIMARC" type="Authority">
  <leader>02207cx  l2200433   4500</leader>
  <controlfield tag="001">FRBNF119458219</controlfield>
  <controlfield tag="003">http://catalogue.bnf.fr/ark:/12148/cb119458212</controlfield>
  <controlfield tag="005">20220530</controlfield>
  <datafield tag="039" ind1=" " ind2=" ">
    <subfield code="o">OPL</subfield>
    <subfield code="a">001707758</subfield>
  </datafield>
  <datafield tag="100" ind1=" " ind2=" ">
    <subfield code="a">19830131afrey50      ba0</subfield>
  </datafield>
  <datafield tag="106" ind1=" " ind2=" ">
    <subfield code="a">211</subfield>
  </datafield>
  <datafield tag="152" ind1=" " ind2=" ">
    <subfield code="b">rameau</subfield>
    <subfield code="c">2</subfield>
  </datafield>
  <datafield tag="180" ind1=" " ind2=" ">
    <subfield code="a">b</subfield>
  </datafield>
  <datafield tag="280" ind1=" " ind2="0">
    <subfield code="7">ba0yba0y</subfield>
    <subfield code="8">fre   </subfield>
    <subfield code="a">Littérature d&apos;épouvante</subfield>
  </datafield>
  <datafield tag="305" ind1="1" ind2=" ">
    <subfield code="a">Voir aussi les vedettes du type Littérature d&apos;épouvante [adjectif de langue, de nationalité ou géographique]</subfield>
  </datafield>
  <datafield tag="330" ind1=" " ind2=" ">
    <subfield code="a">Sous cette vedette, on trouve les recueils de littérature d&apos;épouvante de divers pays ou en diverses langues</subfield>
  </datafield>
  <datafield tag="480" ind1=" " ind2="0">
    <subfield code="7">ba0yba0y</subfield>
    <subfield code="8">fre   </subfield>
    <subfield code="a">Épouvante, Récits d&apos;</subfield>
  </datafield>
  <datafield tag="480" ind1=" " ind2="0">
    <subfield code="7">ba0yba0y</subfield>
    <subfield code="8">fre   </subfield>
    <subfield code="a">Gore (littérature)</subfield>
  </datafield>
  <datafield tag="480" ind1=" " ind2="0">
    <subfield code="7">ba0yba0y</subfield>
    <subfield code="8">fre   </subfield>
    <subfield code="a">Gothic revival (littérature)</subfield>
  </datafield>
  <datafield tag="480" ind1=" " ind2="0">
    <subfield code="7">ba0yba0y</subfield>
    <subfield code="8">fre   </subfield>
    <subfield code="a">Histoire épouvantables</subfield>
  </datafield>
  <datafield tag="480" ind1=" " ind2="0">
    <subfield code="7">ba0yba0y</subfield>
    <subfield code="8">fre   </subfield>
    <subfield code="a">Horreur, Récits d&apos;</subfield>
  </datafield>
  <datafield tag="480" ind1=" " ind2="0">
    <subfield code="7">ba0yba0y</subfield>
    <subfield code="8">fre   </subfield>
    <subfield code="a">Récits d&apos;épouvante</subfield>
  </datafield>
  <datafield tag="480" ind1=" " ind2="0">
    <subfield code="7">ba0yba0y</subfield>
    <subfield code="8">fre   </subfield>
    <subfield code="a">Récits d&apos;horreur</subfield>
  </datafield>
  <datafield tag="480" ind1=" " ind2="0">
    <subfield code="7">ba0yba0y</subfield>
    <subfield code="8">fre   </subfield>
    <subfield code="a">Récits de terreur</subfield>
  </datafield>
  <datafield tag="480" ind1=" " ind2="0">
    <subfield code="7">ba0yba0y</subfield>
    <subfield code="8">fre   </subfield>
    <subfield code="a">Roman d&apos;épouvante</subfield>
  </datafield>
  <datafield tag="480" ind1=" " ind2="0">
    <subfield code="7">ba0yba0y</subfield>
    <subfield code="8">fre   </subfield>
    <subfield code="a">Terreur, Récits de</subfield>
  </datafield>
  <datafield tag="550" ind1=" " ind2=" ">
    <subfield code="5">z</subfield>
    <subfield code="0">Voir aussi</subfield>
    <subfield code="3">12249836</subfield>
    <subfield code="7">ba0yba0y</subfield>
    <subfield code="8">fre   </subfield>
    <subfield code="a">Horreur</subfield>
  </datafield>
  <datafield tag="580" ind1=" " ind2="0">
    <subfield code="5">z</subfield>
    <subfield code="0">Voir aussi</subfield>
    <subfield code="3">11952413</subfield>
    <subfield code="7">ba0yba0y</subfield>
    <subfield code="8">fre   </subfield>
    <subfield code="a">Littérature fantastique</subfield>
  </datafield>
  <datafield tag="580" ind1=" " ind2="0">
    <subfield code="5">z</subfield>
    <subfield code="0">Voir aussi</subfield>
    <subfield code="3">11933945</subfield>
    <subfield code="7">ba0yba0y</subfield>
    <subfield code="8">fre   </subfield>
    <subfield code="a">Roman gothique</subfield>
  </datafield>
  <datafield tag="580" ind1=" " ind2="0">
    <subfield code="5">h</subfield>
    <subfield code="3">18017005</subfield>
    <subfield code="7">ba0yba0y</subfield>
    <subfield code="8">fre   </subfield>
    <subfield code="a">Bandes dessinées d&apos;épouvante</subfield>
  </datafield>
  <datafield tag="580" ind1=" " ind2="0">
    <subfield code="5">h</subfield>
    <subfield code="3">12181266</subfield>
    <subfield code="7">ba0yba0y</subfield>
    <subfield code="8">fre   </subfield>
    <subfield code="a">Théâtre d&apos;épouvante</subfield>
  </datafield>
  <datafield tag="580" ind1=" " ind2="0">
    <subfield code="5">g</subfield>
    <subfield code="3">11939456</subfield>
    <subfield code="7">ba0yba0y</subfield>
    <subfield code="8">fre   </subfield>
    <subfield code="a">Littérature</subfield>
  </datafield>
  <datafield tag="686" ind1=" " ind2=" ">
    <subfield code="a">801</subfield>
    <subfield code="c">Poésie</subfield>
    <subfield code="2">Note de regroupement par domaine</subfield>
  </datafield>
  <datafield tag="801" ind1=" " ind2=" ">
    <subfield code="a">FR</subfield>
    <subfield code="b">FR-751131015</subfield>
    <subfield code="c">20220530</subfield>
  </datafield>
  <datafield tag="810" ind1=" " ind2=" ">
    <subfield code="a">Grand Robert de la langue française, 2001 (art. : Épouvante)</subfield>
  </datafield>
  <datafield tag="810" ind1=" " ind2=" ">
    <subfield code="a">L&apos;art de faire peur : des récits légendaires aux films d&apos;horreur / M. Roberge, 2004</subfield>
    <subfield code="a">Dict. des termes littéraires, 2005 (art. : Roman gothique) : roman d&apos;épouvante</subfield>
  </datafield>
  <datafield tag="822" ind1="1" ind2="2">
    <subfield code="a">Horror tales</subfield>
    <subfield code="2">LCSH</subfield>
    <subfield code="u">http://id.loc.gov/authorities/subjects/sh85062084</subfield>
    <subfield code="d">2022-05-30</subfield>
  </datafield>
  <datafield tag="822" ind1="1" ind2="2">
    <subfield code="a">Récits d&apos;horreur</subfield>
    <subfield code="2">RVMLaval</subfield>
    <subfield code="d">2022-05-30</subfield>
  </datafield>
  <datafield tag="822" ind1="1" ind2="4">
    <subfield code="a">Gothic revival (Literature)</subfield>
    <subfield code="2">LCSH</subfield>
    <subfield code="u">http://id.loc.gov/authorities/subjects/sh85055998</subfield>
    <subfield code="d">2022-05-30</subfield>
  </datafield>
</record>