
<record format="UNIMARC" type="Authority">
  <leader>01400cx  l2200277   4500</leader>
  <controlfield tag="001">FRBNF178630115</controlfield>
  <controlfield tag="003">http://catalogue.bnf.fr/ark:/12148/cb178630114</controlfield>
  <controlfield tag="005">20220524</controlfield>
  <datafield tag="100" ind1=" " ind2=" ">
    <subfield code="a">20200123afrey50      ba0</subfield>
  </datafield>
  <datafield tag="106" ind1=" " ind2=" ">
    <subfield code="a">211</subfield>
  </datafield>
  <datafield tag="152" ind1=" " ind2=" ">
    <subfield code="b">rameau</subfield>
    <subfield code="c">2</subfield>
  </datafield>
  <datafield tag="180" ind1=" " ind2=" ">
    <subfield code="a">b</subfield>
  </datafield>
  <datafield tag="280" ind1=" " ind2="0">
    <subfield code="7">ba0yba0y</subfield>
    <subfield code="8">fre   </subfield>
    <subfield code="a">Roman fantastique</subfield>
  </datafield>
  <datafield tag="300" ind1="1" ind2=" ">
    <subfield code="a">Sous cette vedette, on trouve les recueils de romans fantastiques de divers pays ou en diverses langues</subfield>
  </datafield>
  <datafield tag="305" ind1="1" ind2=" ">
    <subfield code="a">Voir aussi les vedettes du type Roman fantastique [adjectif de langue, de nationalité ou géographique]</subfield>
  </datafield>
  <datafield tag="480" ind1=" " ind2="0">
    <subfield code="7">ba0yba0y</subfield>
    <subfield code="8">fre   </subfield>
    <subfield code="a">Fantastique, Roman</subfield>
  </datafield>
  <datafield tag="580" ind1=" " ind2="0">
    <subfield code="5">h</subfield>
    <subfield code="3">18011246</subfield>
    <subfield code="7">ba0yba0y</subfield>
    <subfield code="8">fre   </subfield>
    <subfield code="a">Roman fantastique pour la jeunesse</subfield>
  </datafield>
  <datafield tag="580" ind1=" " ind2="0">
    <subfield code="5">g</subfield>
    <subfield code="3">11952413</subfield>
    <subfield code="7">ba0yba0y</subfield>
    <subfield code="8">fre   </subfield>
    <subfield code="a">Littérature fantastique</subfield>
  </datafield>
  <datafield tag="580" ind1=" " ind2="0">
    <subfield code="5">g</subfield>
    <subfield code="3">11940505</subfield>
    <subfield code="7">ba0yba0y</subfield>
    <subfield code="8">fre   </subfield>
    <subfield code="a">Roman</subfield>
  </datafield>
  <datafield tag="686" ind1=" " ind2=" ">
    <subfield code="a">801</subfield>
    <subfield code="c">Poésie</subfield>
    <subfield code="2">Note de regroupement par domaine</subfield>
  </datafield>
  <datafield tag="801" ind1=" " ind2=" ">
    <subfield code="a">FR</subfield>
    <subfield code="b">FR-751131015</subfield>
    <subfield code="c">20220524</subfield>
  </datafield>
  <datafield tag="810" ind1=" " ind2=" ">
    <subfield code="a">Trésor de la langue française (art. : Fantastique) - http://atilf.atilf.fr (2020-01-27)</subfield>
  </datafield>
  <datafield tag="810" ind1=" " ind2=" ">
    <subfield code="a">Le dict. du littéraire / P. Aron, D. Saint-Jacques, A. Viala, 2012 (art. : Science-fiction)</subfield>
    <subfield code="a">Dict. universel des littératures / B. Didier, 1994 (art. : Science-fiction)</subfield>
  </datafield>
  <datafield tag="822" ind1="1" ind2="5">
    <subfield code="a">Fantasy</subfield>
    <subfield code="2">LCSH</subfield>
    <subfield code="u">http://id.loc.gov/authorities/childrensSubjects/sj2001010209</subfield>
    <subfield code="d">2022-05-24</subfield>
  </datafield>
  <datafield tag="822" ind1="1" ind2="2">
    <subfield code="a">Roman fantastique</subfield>
    <subfield code="2">RVMLaval</subfield>
    <subfield code="d">2022-05-24</subfield>
  </datafield>
  <datafield tag="856" ind1=" " ind2=" ">
    <subfield code="u">http://atilf.atilf.fr</subfield>
    <subfield code="e">2020-01-27</subfield>
  </datafield>
</record>