
<record format="UNIMARC" type="Authority">
  <leader>00594cx  a2200193   4500</leader>
  <controlfield tag="001">FRBNF121110515</controlfield>
  <controlfield tag="003">http://catalogue.bnf.fr/ark:/12148/cb12111051z</controlfield>
  <controlfield tag="005">19951128</controlfield>
  <datafield tag="010" ind1=" " ind2=" ">
    <subfield code="a">0000000000076233</subfield>
    <subfield code="2">VIAF</subfield>
    <subfield code="d">20130725</subfield>
  </datafield>
  <datafield tag="039" ind1=" " ind2=" ">
    <subfield code="o">OPL</subfield>
    <subfield code="a">004533946</subfield>
  </datafield>
  <datafield tag="100" ind1=" " ind2=" ">
    <subfield code="a">19890425afrey50      ba0</subfield>
  </datafield>
  <datafield tag="101" ind1=" " ind2=" ">
    <subfield code="a">fre</subfield>
  </datafield>
  <datafield tag="102" ind1=" " ind2=" ">
    <subfield code="a">FR</subfield>
  </datafield>
  <datafield tag="105" ind1=" " ind2=" ">
    <subfield code="a">a</subfield>
  </datafield>
  <datafield tag="106" ind1=" " ind2=" ">
    <subfield code="a">1</subfield>
  </datafield>
  <datafield tag="200" ind1=" " ind2=" ">
    <subfield code="7">ba0yba0y</subfield>
    <subfield code="8">fre   </subfield>
    <subfield code="9"> 0 </subfield>
    <subfield code="a">Lullien</subfield>
    <subfield code="b">Jean-Claude</subfield>
  </datafield>
  <datafield tag="300" ind1="0" ind2=" ">
    <subfield code="a">Traduit de l&apos;anglais en français</subfield>
  </datafield>
  <datafield tag="801" ind1=" " ind2=" ">
    <subfield code="a">FR</subfield>
    <subfield code="b">FR-751131015</subfield>
    <subfield code="c">19951128</subfield>
  </datafield>
  <datafield tag="810" ind1=" " ind2=" ">
    <subfield code="a">Le crime d&apos;Oscar Wilde / Walter Satterthwait ; trad. de l&apos;anglais par Jean-Claude Lullien, 1995</subfield>
  </datafield>
</record>