
<record format="UNIMARC" type="Authority">
  <leader>00760nx  a2200229   4500</leader>
  <controlfield tag="001">FRBNF155399852</controlfield>
  <controlfield tag="003">http://catalogue.bnf.fr/ark:/12148/cb155399856</controlfield>
  <datafield tag="010" ind1=" " ind2=" ">
    <subfield code="a">0000000120204631</subfield>
    <subfield code="2">VIAF</subfield>
    <subfield code="d">20130806</subfield>
  </datafield>
  <datafield tag="100" ind1=" " ind2=" ">
    <subfield code="a">20070614afrey50      ba0</subfield>
  </datafield>
  <datafield tag="101" ind1=" " ind2=" ">
    <subfield code="a">fre</subfield>
  </datafield>
  <datafield tag="102" ind1=" " ind2=" ">
    <subfield code="a">BE</subfield>
  </datafield>
  <datafield tag="103" ind1=" " ind2=" ">
    <subfield code="a"> 1970</subfield>
  </datafield>
  <datafield tag="105" ind1=" " ind2=" ">
    <subfield code="a">a</subfield>
  </datafield>
  <datafield tag="106" ind1=" " ind2=" ">
    <subfield code="a">1</subfield>
  </datafield>
  <datafield tag="120" ind1=" " ind2=" ">
    <subfield code="a">b</subfield>
  </datafield>
  <datafield tag="152" ind1=" " ind2=" ">
    <subfield code="c">2</subfield>
  </datafield>
  <datafield tag="200" ind1=" " ind2=" ">
    <subfield code="7">ba0yba0y</subfield>
    <subfield code="8">fre   </subfield>
    <subfield code="9"> 0 </subfield>
    <subfield code="a">Dufranne</subfield>
    <subfield code="b">Michel</subfield>
    <subfield code="f">1970-....</subfield>
  </datafield>
  <datafield tag="300" ind1="0" ind2=" ">
    <subfield code="a">Scénariste de bandes dessinées</subfield>
  </datafield>
  <datafield tag="801" ind1=" " ind2=" ">
    <subfield code="a">FR</subfield>
    <subfield code="b">FR-751131015</subfield>
    <subfield code="c">20070614</subfield>
  </datafield>
  <datafield tag="810" ind1=" " ind2=" ">
    <subfield code="a">Les trois mousquetaires / d&apos;Alexandre Dumas ; scénario, Jean David Morvan et Michel Dufranne ; dessin, Rubén, 2007-</subfield>
  </datafield>
  <datafield tag="810" ind1=" " ind2=" ">
    <subfield code="a">Internet - http://www.editions-delcourt.fr (2007-06-14)</subfield>
  </datafield>
  <datafield tag="856" ind1=" " ind2=" ">
    <subfield code="u">http://www.editions-delcourt.fr</subfield>
    <subfield code="e">2007-06-14</subfield>
  </datafield>
</record>