
<record format="UNIMARC" type="Authority">
  <leader>00795cx  a2200253   4500</leader>
  <controlfield tag="001">FRBNF137423860</controlfield>
  <controlfield tag="003">http://catalogue.bnf.fr/ark:/12148/cb13742386g</controlfield>
  <controlfield tag="005">20050413</controlfield>
  <datafield tag="010" ind1=" " ind2=" ">
    <subfield code="a">0000000081161236</subfield>
    <subfield code="2">VIAF</subfield>
    <subfield code="d">20130731</subfield>
  </datafield>
  <datafield tag="039" ind1=" " ind2=" ">
    <subfield code="o">OPL</subfield>
    <subfield code="a">015648622</subfield>
  </datafield>
  <datafield tag="100" ind1=" " ind2=" ">
    <subfield code="a">20010831afrey50      ba0</subfield>
  </datafield>
  <datafield tag="101" ind1=" " ind2=" ">
    <subfield code="a">eng</subfield>
  </datafield>
  <datafield tag="102" ind1=" " ind2=" ">
    <subfield code="a">US</subfield>
  </datafield>
  <datafield tag="103" ind1=" " ind2=" ">
    <subfield code="a"> 19..</subfield>
  </datafield>
  <datafield tag="105" ind1=" " ind2=" ">
    <subfield code="a">a</subfield>
  </datafield>
  <datafield tag="106" ind1=" " ind2=" ">
    <subfield code="a">1</subfield>
  </datafield>
  <datafield tag="120" ind1=" " ind2=" ">
    <subfield code="a">a</subfield>
  </datafield>
  <datafield tag="152" ind1=" " ind2=" ">
    <subfield code="c">2</subfield>
  </datafield>
  <datafield tag="200" ind1=" " ind2=" ">
    <subfield code="7">ba0yba0y</subfield>
    <subfield code="8">fre   </subfield>
    <subfield code="9"> 0 </subfield>
    <subfield code="a">Belford</subfield>
    <subfield code="b">Barbara</subfield>
  </datafield>
  <datafield tag="300" ind1="0" ind2=" ">
    <subfield code="a">Professeur de journalisme, Columbia university&apos;s Graduate school of journalism, New York (en 1996)</subfield>
  </datafield>
  <datafield tag="801" ind1=" " ind2=" ">
    <subfield code="a">FR</subfield>
    <subfield code="b">FR-751131015</subfield>
    <subfield code="c">20050413</subfield>
  </datafield>
  <datafield tag="810" ind1=" " ind2=" ">
    <subfield code="a">Oscar Wilde : a certain genius / Barbara Belford, cop. 2000</subfield>
  </datafield>
  <datafield tag="810" ind1=" " ind2=" ">
    <subfield code="a">LCNA - http://authorities.loc.gov (2005-04-07)</subfield>
  </datafield>
  <datafield tag="856" ind1=" " ind2=" ">
    <subfield code="u">http://authorities.loc.gov</subfield>
    <subfield code="e">2005-04-07</subfield>
  </datafield>
</record>