
<record format="UNIMARC" type="Authority">
  <leader>00770cx  a2200241   4500</leader>
  <controlfield tag="001">FRBNF141209894</controlfield>
  <controlfield tag="003">http://catalogue.bnf.fr/ark:/12148/cb14120989c</controlfield>
  <controlfield tag="005">20060704</controlfield>
  <datafield tag="010" ind1=" " ind2=" ">
    <subfield code="a">0000000080014058</subfield>
    <subfield code="2">VIAF</subfield>
    <subfield code="d">20130801</subfield>
  </datafield>
  <datafield tag="100" ind1=" " ind2=" ">
    <subfield code="a">20030310afrey50      ba0</subfield>
  </datafield>
  <datafield tag="102" ind1=" " ind2=" ">
    <subfield code="a">US</subfield>
  </datafield>
  <datafield tag="103" ind1=" " ind2=" ">
    <subfield code="a"> 1964</subfield>
  </datafield>
  <datafield tag="105" ind1=" " ind2=" ">
    <subfield code="a">a</subfield>
  </datafield>
  <datafield tag="106" ind1=" " ind2=" ">
    <subfield code="a">1</subfield>
  </datafield>
  <datafield tag="120" ind1=" " ind2=" ">
    <subfield code="a">b</subfield>
  </datafield>
  <datafield tag="152" ind1=" " ind2=" ">
    <subfield code="c">2</subfield>
  </datafield>
  <datafield tag="200" ind1=" " ind2=" ">
    <subfield code="7">ba0yba0y</subfield>
    <subfield code="8">fre   </subfield>
    <subfield code="9"> 0 </subfield>
    <subfield code="a">Merhige</subfield>
    <subfield code="b">E. Elias</subfield>
    <subfield code="f">1964-....</subfield>
  </datafield>
  <datafield tag="300" ind1="0" ind2=" ">
    <subfield code="a">Réalisateur</subfield>
  </datafield>
  <datafield tag="400" ind1=" " ind2=" ">
    <subfield code="7">ba0yba0y</subfield>
    <subfield code="8">fre   </subfield>
    <subfield code="a">Merhige</subfield>
    <subfield code="b">Edmund Elias</subfield>
    <subfield code="f">1964-....</subfield>
  </datafield>
  <datafield tag="801" ind1=" " ind2=" ">
    <subfield code="a">FR</subfield>
    <subfield code="b">FR-751131015</subfield>
    <subfield code="c">20060704</subfield>
  </datafield>
  <datafield tag="810" ind1=" " ind2=" ">
    <subfield code="a">Suspect zero [Images animées] / E. Elias Merhige, réal. Gaumont Columbia Tristar home vidéo, 2005</subfield>
  </datafield>
  <datafield tag="810" ind1=" " ind2=" ">
    <subfield code="a">IMDB - http://www.us.imdb.com (2006-02-21)</subfield>
  </datafield>
  <datafield tag="856" ind1=" " ind2=" ">
    <subfield code="u">http://www.us.imdb.com</subfield>
    <subfield code="e">2006-02-21</subfield>
  </datafield>
</record>