
<record format="UNIMARC" type="Authority">
  <leader>00842cx  a2200229   4500</leader>
  <controlfield tag="001">FRBNF15547545X</controlfield>
  <controlfield tag="003">http://catalogue.bnf.fr/ark:/12148/cb15547545k</controlfield>
  <controlfield tag="005">20070711</controlfield>
  <datafield tag="010" ind1=" " ind2=" ">
    <subfield code="a">000000000188825X</subfield>
    <subfield code="2">VIAF</subfield>
    <subfield code="d">20130806</subfield>
  </datafield>
  <datafield tag="100" ind1=" " ind2=" ">
    <subfield code="a">20070711afrey50      ba0</subfield>
  </datafield>
  <datafield tag="101" ind1=" " ind2=" ">
    <subfield code="a">fre</subfield>
  </datafield>
  <datafield tag="102" ind1=" " ind2=" ">
    <subfield code="a">FR</subfield>
  </datafield>
  <datafield tag="103" ind1=" " ind2=" ">
    <subfield code="a"> 19541106</subfield>
  </datafield>
  <datafield tag="105" ind1=" " ind2=" ">
    <subfield code="a">a</subfield>
  </datafield>
  <datafield tag="106" ind1=" " ind2=" ">
    <subfield code="a">1</subfield>
  </datafield>
  <datafield tag="120" ind1=" " ind2=" ">
    <subfield code="a">b</subfield>
  </datafield>
  <datafield tag="200" ind1=" " ind2=" ">
    <subfield code="7">ba0yba0y</subfield>
    <subfield code="8">fre   </subfield>
    <subfield code="9"> 0 </subfield>
    <subfield code="a">Sirgent</subfield>
    <subfield code="b">Jacques</subfield>
    <subfield code="f">1954-....</subfield>
  </datafield>
  <datafield tag="300" ind1="0" ind2=" ">
    <subfield code="a">Enseignant. - Journaliste. - Propriétaire du Musée des vampires aux Lilas, Seine-Saint-Denis (ouvert en 2005)</subfield>
  </datafield>
  <datafield tag="801" ind1=" " ind2=" ">
    <subfield code="a">FR</subfield>
    <subfield code="b">FR-751131015</subfield>
    <subfield code="c">20070711</subfield>
  </datafield>
  <datafield tag="810" ind1=" " ind2=" ">
    <subfield code="a">Le tombeau de Drakula / Jacques Sirgent, DL 2006</subfield>
  </datafield>
  <datafield tag="810" ind1=" " ind2=" ">
    <subfield code="a">Internet - http://www.linternaute.com/video/week-end/le-musee-des-vampires (2007-07-11)</subfield>
  </datafield>
  <datafield tag="856" ind1=" " ind2=" ">
    <subfield code="u">http://www.linternaute.com/video/week-end/le-musee-des-vampires/</subfield>
    <subfield code="e">2007-07-11</subfield>
  </datafield>
</record>