
<record format="UNIMARC" type="Authority">
  <leader>23638cx  b2204693   4500</leader>
  <controlfield tag="001">FRBNF138904601</controlfield>
  <controlfield tag="003">http://catalogue.bnf.fr/ark:/12148/cb13890460s</controlfield>
  <controlfield tag="005">20181030</controlfield>
  <datafield tag="039" ind1=" " ind2=" ">
    <subfield code="o">OPL</subfield>
    <subfield code="a">014006967</subfield>
  </datafield>
  <datafield tag="039" ind1=" " ind2=" ">
    <subfield code="o">OPP</subfield>
    <subfield code="a">13341658</subfield>
    <subfield code="d">20090220</subfield>
  </datafield>
  <datafield tag="100" ind1=" " ind2=" ">
    <subfield code="a">19890601afrey50      ba0</subfield>
  </datafield>
  <datafield tag="102" ind1=" " ind2=" ">
    <subfield code="a">FR</subfield>
  </datafield>
  <datafield tag="105" ind1=" " ind2=" ">
    <subfield code="c">e</subfield>
    <subfield code="c">d</subfield>
    <subfield code="d">g</subfield>
    <subfield code="d">h</subfield>
  </datafield>
  <datafield tag="106" ind1=" " ind2=" ">
    <subfield code="a">010</subfield>
  </datafield>
  <datafield tag="150" ind1=" " ind2=" ">
    <subfield code="a">y</subfield>
    <subfield code="b">c9</subfield>
  </datafield>
  <datafield tag="210" ind1=" " ind2=" ">
    <subfield code="7">ba0yba0y</subfield>
    <subfield code="8">fre   </subfield>
    <subfield code="9"> 0 </subfield>
    <subfield code="a">Warner music France</subfield>
  </datafield>
  <datafield tag="300" ind1=" " ind2=" ">
    <subfield code="a">Ancienne adresse : (19..-2001) 102 av. du Président-Kennedy, 75016 Paris. Tél. 01.44.30.40.00. Fax 01.44.30.40.50</subfield>
  </datafield>
  <datafield tag="303" ind1=" " ind2=" ">
    <subfield code="a">29 av. Mac-Mahon, 75809 Paris cedex 17</subfield>
  </datafield>
  <datafield tag="510" ind1=" " ind2=" ">
    <subfield code="5">z</subfield>
    <subfield code="0">Voir aussi</subfield>
    <subfield code="3">14054581</subfield>
    <subfield code="7">ba0yba0y</subfield>
    <subfield code="8">fre   </subfield>
    <subfield code="9">20 </subfield>
    <subfield code="a">Warner jazz</subfield>
  </datafield>
  <datafield tag="516" ind1=" " ind2=" ">
    <subfield code="5">z</subfield>
    <subfield code="0">A distribué : </subfield>
    <subfield code="3">13876334</subfield>
    <subfield code="7">ba0yba0y</subfield>
    <subfield code="8">fre   </subfield>
    <subfield code="a">MCA</subfield>
  </datafield>
  <datafield tag="516" ind1=" " ind2=" ">
    <subfield code="5">z</subfield>
    <subfield code="0">A distribué : </subfield>
    <subfield code="3">13875506</subfield>
    <subfield code="7">ba0yba0y</subfield>
    <subfield code="8">fre   </subfield>
    <subfield code="a">Franceval</subfield>
  </datafield>
  <datafield tag="516" ind1=" " ind2=" ">
    <subfield code="5">z</subfield>
    <subfield code="0">A distribué : </subfield>
    <subfield code="3">13878144</subfield>
    <subfield code="7">ba0yba0y</subfield>
    <subfield code="8">fre   </subfield>
    <subfield code="a">Curb</subfield>
  </datafield>
  <datafield tag="516" ind1=" " ind2=" ">
    <subfield code="5">z</subfield>
    <subfield code="0">A distribué : </subfield>
    <subfield code="3">13875701</subfield>
    <subfield code="7">ba0yba0y</subfield>
    <subfield code="8">fre   </subfield>
    <subfield code="a">Hansa</subfield>
  </datafield>
  <datafield tag="516" ind1=" " ind2=" ">
    <subfield code="5">z</subfield>
    <subfield code="0">A distribué : </subfield>
    <subfield code="3">13850415</subfield>
    <subfield code="7">ba0yba0y</subfield>
    <subfield code="8">fre   </subfield>
    <subfield code="a">Bronze</subfield>
  </datafield>
  <datafield tag="516" ind1=" " ind2=" ">
    <subfield code="5">z</subfield>
    <subfield code="0">A distribué : </subfield>
    <subfield code="3">13875449</subfield>
    <subfield code="7">ba0yba0y</subfield>
    <subfield code="8">fre   </subfield>
    <subfield code="a">Flarenasch</subfield>
  </datafield>
  <datafield tag="516" ind1=" " ind2=" ">
    <subfield code="5">z</subfield>
    <subfield code="0">A édité et distribué : </subfield>
    <subfield code="3">13875579</subfield>
    <subfield code="7">ba0yba0y</subfield>
    <subfield code="8">fre   </subfield>
    <subfield code="a">Geffen</subfield>
  </datafield>
  <datafield tag="516" ind1=" " ind2=" ">
    <subfield code="5">z</subfield>
    <subfield code="0">Distribue : </subfield>
    <subfield code="3">15058385</subfield>
    <subfield code="7">ba0yba0y</subfield>
    <subfield code="8">fre   </subfield>
    <subfield code="a">Original Jazz Classics</subfield>
  </datafield>
  <datafield tag="516" ind1=" " ind2=" ">
    <subfield code="5">z</subfield>
    <subfield code="0">Edite et distribue : </subfield>
    <subfield code="3">13936800</subfield>
    <subfield code="a">Wea-Ztt</subfield>
  </datafield>
  <datafield tag="516" ind1=" " ind2=" ">
    <subfield code="5">z</subfield>
    <subfield code="0">Edite et distribue : </subfield>
    <subfield code="3">13878142</subfield>
    <subfield code="a">Warner Bros</subfield>
  </datafield>
  <datafield tag="516" ind1=" " ind2=" ">
    <subfield code="5">z</subfield>
    <subfield code="0">Edite et distribue : </subfield>
    <subfield code="3">13950242</subfield>
    <subfield code="a">Elektra-Chameleon</subfield>
  </datafield>
  <datafield tag="516" ind1=" " ind2=" ">
    <subfield code="5">z</subfield>
    <subfield code="0">Edite et distribue : </subfield>
    <subfield code="3">14001249</subfield>
    <subfield code="7">ba0yba0y</subfield>
    <subfield code="8">fre   </subfield>
    <subfield code="a">Tôt ou tard</subfield>
  </datafield>
  <datafield tag="516" ind1=" " ind2=" ">
    <subfield code="5">z</subfield>
    <subfield code="0">Edite et distribue : </subfield>
    <subfield code="3">14049502</subfield>
    <subfield code="a">Double F double R</subfield>
  </datafield>
  <datafield tag="516" ind1=" " ind2=" ">
    <subfield code="5">z</subfield>
    <subfield code="0">Edite et distribue : </subfield>
    <subfield code="3">13876190</subfield>
    <subfield code="a">Birdology</subfield>
  </datafield>
  <datafield tag="516" ind1=" " ind2=" ">
    <subfield code="5">z</subfield>
    <subfield code="0">Edite et distribue : </subfield>
    <subfield code="3">14044920</subfield>
    <subfield code="a">Birds &amp; blues records</subfield>
  </datafield>
  <datafield tag="516" ind1=" " ind2=" ">
    <subfield code="5">z</subfield>
    <subfield code="0">Edite et distribue : </subfield>
    <subfield code="3">13955124</subfield>
    <subfield code="a">WEA-Dune</subfield>
  </datafield>
  <datafield tag="516" ind1=" " ind2=" ">
    <subfield code="5">z</subfield>
    <subfield code="0">Edite et distribue : </subfield>
    <subfield code="3">13955532</subfield>
    <subfield code="a">Wea-Reprise</subfield>
  </datafield>
  <datafield tag="516" ind1=" " ind2=" ">
    <subfield code="5">z</subfield>
    <subfield code="0">Edite et distribue : </subfield>
    <subfield code="3">14047835</subfield>
    <subfield code="a">Warner strategic marketing France</subfield>
  </datafield>
  <datafield tag="516" ind1=" " ind2=" ">
    <subfield code="5">z</subfield>
    <subfield code="0">Edite et distribue : </subfield>
    <subfield code="3">13927042</subfield>
    <subfield code="a">Reprise-Duck</subfield>
  </datafield>
  <datafield tag="516" ind1=" " ind2=" ">
    <subfield code="5">z</subfield>
    <subfield code="0">Edite et distribue : </subfield>
    <subfield code="3">13875418</subfield>
    <subfield code="a">FFRR</subfield>
  </datafield>
  <datafield tag="516" ind1=" " ind2=" ">
    <subfield code="5">z</subfield>
    <subfield code="0">Edite et distribue : </subfield>
    <subfield code="3">13874911</subfield>
    <subfield code="a">Contemporary</subfield>
  </datafield>
  <datafield tag="516" ind1=" " ind2=" ">
    <subfield code="5">z</subfield>
    <subfield code="0">Edite et distribue : </subfield>
    <subfield code="3">13877056</subfield>
    <subfield code="a">Qwest</subfield>
  </datafield>
  <datafield tag="516" ind1=" " ind2=" ">
    <subfield code="5">z</subfield>
    <subfield code="0">Edite et distribue : </subfield>
    <subfield code="3">13957370</subfield>
    <subfield code="a">Wea-Laetitia</subfield>
  </datafield>
  <datafield tag="516" ind1=" " ind2=" ">
    <subfield code="5">z</subfield>
    <subfield code="0">Edite et distribue : </subfield>
    <subfield code="3">13875088</subfield>
    <subfield code="a">Wea-Bi Boon-M6</subfield>
  </datafield>
  <datafield tag="516" ind1=" " ind2=" ">
    <subfield code="5">z</subfield>
    <subfield code="0">Edite et distribue : </subfield>
    <subfield code="3">13931966</subfield>
    <subfield code="a">WEA-Cupecoy</subfield>
  </datafield>
  <datafield tag="516" ind1=" " ind2=" ">
    <subfield code="5">z</subfield>
    <subfield code="0">Edite et distribue : </subfield>
    <subfield code="3">13878153</subfield>
    <subfield code="a">WEA</subfield>
  </datafield>
  <datafield tag="516" ind1=" " ind2=" ">
    <subfield code="5">z</subfield>
    <subfield code="0">Edite et distribue : </subfield>
    <subfield code="3">13874579</subfield>
    <subfield code="7">ba0yba0y</subfield>
    <subfield code="8">fre   </subfield>
    <subfield code="a">Riverside</subfield>
  </datafield>
  <datafield tag="516" ind1=" " ind2=" ">
    <subfield code="5">z</subfield>
    <subfield code="0">Edite et distribue : </subfield>
    <subfield code="3">13933795</subfield>
    <subfield code="a">Warner Bros-Lone Wolf</subfield>
  </datafield>
  <datafield tag="516" ind1=" " ind2=" ">
    <subfield code="5">z</subfield>
    <subfield code="0">Edite et distribue : </subfield>
    <subfield code="3">13947010</subfield>
    <subfield code="a">WEA-Cabo Verde</subfield>
  </datafield>
  <datafield tag="516" ind1=" " ind2=" ">
    <subfield code="5">z</subfield>
    <subfield code="0">Edite et distribue : </subfield>
    <subfield code="3">13875243</subfield>
    <subfield code="a">Elektra</subfield>
  </datafield>
  <datafield tag="516" ind1=" " ind2=" ">
    <subfield code="5">z</subfield>
    <subfield code="0">Edite et distribue : </subfield>
    <subfield code="3">13876997</subfield>
    <subfield code="a">Prestige</subfield>
  </datafield>
  <datafield tag="516" ind1=" " ind2=" ">
    <subfield code="5">z</subfield>
    <subfield code="0">Edite et distribue : </subfield>
    <subfield code="3">13947285</subfield>
    <subfield code="a">WEA-Platform</subfield>
  </datafield>
  <datafield tag="516" ind1=" " ind2=" ">
    <subfield code="5">z</subfield>
    <subfield code="0">Edite et distribue : </subfield>
    <subfield code="3">13878151</subfield>
    <subfield code="a">Warner Bros-Paisley Park</subfield>
  </datafield>
  <datafield tag="516" ind1=" " ind2=" ">
    <subfield code="5">z</subfield>
    <subfield code="0">Edite et distribue : </subfield>
    <subfield code="3">13873957</subfield>
    <subfield code="a">Sire-Maverick</subfield>
  </datafield>
  <datafield tag="516" ind1=" " ind2=" ">
    <subfield code="5">z</subfield>
    <subfield code="0">Edite et distribue : </subfield>
    <subfield code="3">13873972</subfield>
    <subfield code="a">Maverick</subfield>
  </datafield>
  <datafield tag="516" ind1=" " ind2=" ">
    <subfield code="5">z</subfield>
    <subfield code="0">Edite et distribue : </subfield>
    <subfield code="3">13927106</subfield>
    <subfield code="7">ba0yba0y</subfield>
    <subfield code="8">fre   </subfield>
    <subfield code="a">Reprise</subfield>
  </datafield>
  <datafield tag="516" ind1=" " ind2=" ">
    <subfield code="5">z</subfield>
    <subfield code="0">Edite et distribue : </subfield>
    <subfield code="3">13878242</subfield>
    <subfield code="a">ZTT</subfield>
  </datafield>
  <datafield tag="516" ind1=" " ind2=" ">
    <subfield code="5">z</subfield>
    <subfield code="0">Édite : </subfield>
    <subfield code="3">13875192</subfield>
    <subfield code="a">East West</subfield>
  </datafield>
  <datafield tag="516" ind1=" " ind2=" ">
    <subfield code="5">z</subfield>
    <subfield code="0">Edite et distribue : </subfield>
    <subfield code="3">13927026</subfield>
    <subfield code="a">Warner Bros-Sire</subfield>
  </datafield>
  <datafield tag="516" ind1=" " ind2=" ">
    <subfield code="5">z</subfield>
    <subfield code="0">Edite et distribue : </subfield>
    <subfield code="3">13950165</subfield>
    <subfield code="a">WEA-Saban</subfield>
  </datafield>
  <datafield tag="516" ind1=" " ind2=" ">
    <subfield code="5">z</subfield>
    <subfield code="0">Edite et distribue : </subfield>
    <subfield code="3">13950166</subfield>
    <subfield code="a">WEA-Celine</subfield>
  </datafield>
  <datafield tag="516" ind1=" " ind2=" ">
    <subfield code="5">z</subfield>
    <subfield code="0">Edite et distribue : </subfield>
    <subfield code="3">13950167</subfield>
    <subfield code="a">WEA-Posso</subfield>
  </datafield>
  <datafield tag="516" ind1=" " ind2=" ">
    <subfield code="5">z</subfield>
    <subfield code="0">Edite et distribue : </subfield>
    <subfield code="3">13877436</subfield>
    <subfield code="a">Sire</subfield>
  </datafield>
  <datafield tag="516" ind1=" " ind2=" ">
    <subfield code="5">z</subfield>
    <subfield code="0">Edite et distribue : </subfield>
    <subfield code="3">13950634</subfield>
    <subfield code="a">WEA-Acdjr</subfield>
  </datafield>
  <datafield tag="516" ind1=" " ind2=" ">
    <subfield code="5">z</subfield>
    <subfield code="0">Edite et distribue : </subfield>
    <subfield code="3">13951658</subfield>
    <subfield code="a">WEA-Rozon</subfield>
  </datafield>
  <datafield tag="516" ind1=" " ind2=" ">
    <subfield code="5">z</subfield>
    <subfield code="0">Edite et distribue : </subfield>
    <subfield code="3">13874707</subfield>
    <subfield code="a">CGD</subfield>
  </datafield>
  <datafield tag="516" ind1=" " ind2=" ">
    <subfield code="5">z</subfield>
    <subfield code="0">Édite : </subfield>
    <subfield code="3">13873765</subfield>
    <subfield code="a">Atco</subfield>
  </datafield>
  <datafield tag="516" ind1=" " ind2=" ">
    <subfield code="5">z</subfield>
    <subfield code="0">Edite et distribue : </subfield>
    <subfield code="3">13949540</subfield>
    <subfield code="a">Warner Bros-Loka</subfield>
  </datafield>
  <datafield tag="516" ind1=" " ind2=" ">
    <subfield code="5">z</subfield>
    <subfield code="0">Edite et distribue : </subfield>
    <subfield code="3">13955533</subfield>
    <subfield code="a">Wea-Azimuth</subfield>
  </datafield>
  <datafield tag="516" ind1=" " ind2=" ">
    <subfield code="5">z</subfield>
    <subfield code="0">Edite et distribue : </subfield>
    <subfield code="3">13955535</subfield>
    <subfield code="a">WEA-Royal River</subfield>
  </datafield>
  <datafield tag="516" ind1=" " ind2=" ">
    <subfield code="5">z</subfield>
    <subfield code="0">Edite et distribue : </subfield>
    <subfield code="3">13876775</subfield>
    <subfield code="a">Pablo</subfield>
  </datafield>
  <datafield tag="516" ind1=" " ind2=" ">
    <subfield code="5">z</subfield>
    <subfield code="0">Edite et distribue : </subfield>
    <subfield code="3">13873762</subfield>
    <subfield code="a">Asylum records</subfield>
  </datafield>
  <datafield tag="516" ind1=" " ind2=" ">
    <subfield code="5">z</subfield>
    <subfield code="0">Edite et distribue : </subfield>
    <subfield code="3">13875651</subfield>
    <subfield code="a">WEA-Kondo</subfield>
  </datafield>
  <datafield tag="516" ind1=" " ind2=" ">
    <subfield code="5">z</subfield>
    <subfield code="0">Edite et distribue : </subfield>
    <subfield code="3">13874943</subfield>
    <subfield code="a">WEA-VK Productions &amp; Major Chord</subfield>
  </datafield>
  <datafield tag="516" ind1=" " ind2=" ">
    <subfield code="5">z</subfield>
    <subfield code="0">Edite et distribue : </subfield>
    <subfield code="3">13876131</subfield>
    <subfield code="a">WEA-Sol en si</subfield>
  </datafield>
  <datafield tag="516" ind1=" " ind2=" ">
    <subfield code="5">z</subfield>
    <subfield code="0">Edite et distribue : </subfield>
    <subfield code="3">13876135</subfield>
    <subfield code="a">WEA-Tommy Boy</subfield>
  </datafield>
  <datafield tag="516" ind1=" " ind2=" ">
    <subfield code="5">z</subfield>
    <subfield code="0">Edite et distribue : </subfield>
    <subfield code="3">13875510</subfield>
    <subfield code="a">WEA-Nice fellow-WB</subfield>
  </datafield>
  <datafield tag="516" ind1=" " ind2=" ">
    <subfield code="5">z</subfield>
    <subfield code="0">Edite et distribue : </subfield>
    <subfield code="3">13876306</subfield>
    <subfield code="a">WEA-Warner Bros</subfield>
  </datafield>
  <datafield tag="516" ind1=" " ind2=" ">
    <subfield code="5">z</subfield>
    <subfield code="0">Edite et distribue : </subfield>
    <subfield code="3">13876276</subfield>
    <subfield code="a">Wea-Productions Célébrités</subfield>
  </datafield>
  <datafield tag="516" ind1=" " ind2=" ">
    <subfield code="5">z</subfield>
    <subfield code="0">Edite et distribue : </subfield>
    <subfield code="3">13957371</subfield>
    <subfield code="a">Wea-Telegram</subfield>
  </datafield>
  <datafield tag="516" ind1=" " ind2=" ">
    <subfield code="5">z</subfield>
    <subfield code="0">Edite et distribue : </subfield>
    <subfield code="3">13876074</subfield>
    <subfield code="a">WEA-Gilbert Coullier</subfield>
  </datafield>
  <datafield tag="516" ind1=" " ind2=" ">
    <subfield code="5">z</subfield>
    <subfield code="0">Edite et distribue : </subfield>
    <subfield code="3">13877595</subfield>
    <subfield code="a">MEPS</subfield>
  </datafield>
  <datafield tag="516" ind1=" " ind2=" ">
    <subfield code="5">z</subfield>
    <subfield code="0">Edite et distribue : </subfield>
    <subfield code="3">13876414</subfield>
    <subfield code="a">WEA-Hersen</subfield>
  </datafield>
  <datafield tag="516" ind1=" " ind2=" ">
    <subfield code="5">z</subfield>
    <subfield code="0">Edite et distribue : </subfield>
    <subfield code="3">13877732</subfield>
    <subfield code="a">WEA-Faisage</subfield>
  </datafield>
  <datafield tag="516" ind1=" " ind2=" ">
    <subfield code="5">z</subfield>
    <subfield code="0">Edite et distribue : </subfield>
    <subfield code="3">13877630</subfield>
    <subfield code="a">WEA-Pas sage</subfield>
  </datafield>
  <datafield tag="516" ind1=" " ind2=" ">
    <subfield code="5">z</subfield>
    <subfield code="0">Édite : </subfield>
    <subfield code="3">13972733</subfield>
    <subfield code="a">Carrère-East West-Distance</subfield>
  </datafield>
  <datafield tag="516" ind1=" " ind2=" ">
    <subfield code="5">z</subfield>
    <subfield code="0">Edite et distribue : </subfield>
    <subfield code="3">13976506</subfield>
    <subfield code="a">Wea-Dig it international</subfield>
  </datafield>
  <datafield tag="516" ind1=" " ind2=" ">
    <subfield code="5">z</subfield>
    <subfield code="0">Edite et distribue : </subfield>
    <subfield code="3">13977696</subfield>
    <subfield code="a">WEA-Terrifik</subfield>
  </datafield>
  <datafield tag="516" ind1=" " ind2=" ">
    <subfield code="5">z</subfield>
    <subfield code="0">Edite et distribue : </subfield>
    <subfield code="3">13978312</subfield>
    <subfield code="a">WEA-Ciby 2000</subfield>
  </datafield>
  <datafield tag="516" ind1=" " ind2=" ">
    <subfield code="5">z</subfield>
    <subfield code="0">Edite et distribue : </subfield>
    <subfield code="3">13980220</subfield>
    <subfield code="a">WEA-Terrifik-VV</subfield>
  </datafield>
  <datafield tag="516" ind1=" " ind2=" ">
    <subfield code="5">z</subfield>
    <subfield code="0">Edite et distribue : </subfield>
    <subfield code="3">13981460</subfield>
    <subfield code="a">WEA-Square Prod</subfield>
  </datafield>
  <datafield tag="516" ind1=" " ind2=" ">
    <subfield code="5">z</subfield>
    <subfield code="0">Edite et distribue : </subfield>
    <subfield code="3">13981492</subfield>
    <subfield code="a">WEA-Give me 5</subfield>
  </datafield>
  <datafield tag="516" ind1=" " ind2=" ">
    <subfield code="5">z</subfield>
    <subfield code="0">Edite et distribue : </subfield>
    <subfield code="3">13982800</subfield>
    <subfield code="a">WEA-Mouche</subfield>
  </datafield>
  <datafield tag="516" ind1=" " ind2=" ">
    <subfield code="5">z</subfield>
    <subfield code="0">Edite et distribue : </subfield>
    <subfield code="3">13984555</subfield>
    <subfield code="a">WEA-Spectra</subfield>
  </datafield>
  <datafield tag="516" ind1=" " ind2=" ">
    <subfield code="5">z</subfield>
    <subfield code="0">Édite : </subfield>
    <subfield code="3">13877299</subfield>
    <subfield code="7">ba0yba0y</subfield>
    <subfield code="8">fre   </subfield>
    <subfield code="a">East West-CGD</subfield>
  </datafield>
  <datafield tag="516" ind1=" " ind2=" ">
    <subfield code="5">z</subfield>
    <subfield code="0">Edite et distribue : </subfield>
    <subfield code="3">13990030</subfield>
    <subfield code="a">Wea-Multi Kulti Media</subfield>
  </datafield>
  <datafield tag="516" ind1=" " ind2=" ">
    <subfield code="5">z</subfield>
    <subfield code="0">Édite : </subfield>
    <subfield code="3">13992156</subfield>
    <subfield code="a">77 Productions-East West</subfield>
  </datafield>
  <datafield tag="516" ind1=" " ind2=" ">
    <subfield code="5">z</subfield>
    <subfield code="0">Edite et distribue : </subfield>
    <subfield code="3">13992108</subfield>
    <subfield code="a">WEA-Lazennec</subfield>
  </datafield>
  <datafield tag="516" ind1=" " ind2=" ">
    <subfield code="5">z</subfield>
    <subfield code="0">Edite et distribue : </subfield>
    <subfield code="3">13994206</subfield>
    <subfield code="a">Sire-Hifi</subfield>
  </datafield>
  <datafield tag="516" ind1=" " ind2=" ">
    <subfield code="5">z</subfield>
    <subfield code="0">Edite et distribue : </subfield>
    <subfield code="3">13994214</subfield>
    <subfield code="a">Wea-Sire-Hifi</subfield>
  </datafield>
  <datafield tag="516" ind1=" " ind2=" ">
    <subfield code="5">z</subfield>
    <subfield code="0">Edite et distribue : </subfield>
    <subfield code="3">13996115</subfield>
    <subfield code="a">J B Feeling</subfield>
  </datafield>
  <datafield tag="516" ind1=" " ind2=" ">
    <subfield code="5">z</subfield>
    <subfield code="0">Edite et distribue : </subfield>
    <subfield code="3">13998062</subfield>
    <subfield code="a">Wea-Extrapole</subfield>
  </datafield>
  <datafield tag="516" ind1=" " ind2=" ">
    <subfield code="5">z</subfield>
    <subfield code="0">Edite et distribue : </subfield>
    <subfield code="3">13877183</subfield>
    <subfield code="a">Restaurants du Coeur</subfield>
  </datafield>
  <datafield tag="516" ind1=" " ind2=" ">
    <subfield code="5">z</subfield>
    <subfield code="0">Edite et distribue : </subfield>
    <subfield code="3">14020293</subfield>
    <subfield code="a">Riverside-Original Blues Classics</subfield>
  </datafield>
  <datafield tag="516" ind1=" " ind2=" ">
    <subfield code="5">z</subfield>
    <subfield code="0">Edite et distribue : </subfield>
    <subfield code="3">14020929</subfield>
    <subfield code="a">IV my people</subfield>
  </datafield>
  <datafield tag="516" ind1=" " ind2=" ">
    <subfield code="5">z</subfield>
    <subfield code="0">Edite et distribue : </subfield>
    <subfield code="3">14036296</subfield>
    <subfield code="a">Warner music France</subfield>
  </datafield>
  <datafield tag="516" ind1=" " ind2=" ">
    <subfield code="5">z</subfield>
    <subfield code="0">Edite et distribue : </subfield>
    <subfield code="3">14036779</subfield>
    <subfield code="a">Birdolgy-Rhino-Milestone</subfield>
  </datafield>
  <datafield tag="516" ind1=" " ind2=" ">
    <subfield code="5">z</subfield>
    <subfield code="0">Edite et distribue : </subfield>
    <subfield code="3">13971504</subfield>
    <subfield code="a">WEA-Chlorophylle</subfield>
  </datafield>
  <datafield tag="516" ind1=" " ind2=" ">
    <subfield code="5">z</subfield>
    <subfield code="0">Edite et distribue : </subfield>
    <subfield code="3">13970495</subfield>
    <subfield code="a">WEA-Puzzle</subfield>
  </datafield>
  <datafield tag="516" ind1=" " ind2=" ">
    <subfield code="5">z</subfield>
    <subfield code="0">Edite et distribue : </subfield>
    <subfield code="3">13971506</subfield>
    <subfield code="a">WEA-Puzzle-Chlorophylle</subfield>
  </datafield>
  <datafield tag="516" ind1=" " ind2=" ">
    <subfield code="5">z</subfield>
    <subfield code="0">Distribue : </subfield>
    <subfield code="3">13925647</subfield>
    <subfield code="a">Atlantic-Titanium</subfield>
  </datafield>
  <datafield tag="516" ind1=" " ind2=" ">
    <subfield code="5">z</subfield>
    <subfield code="0">Distribue : </subfield>
    <subfield code="3">13873965</subfield>
    <subfield code="a">Blanco y negro</subfield>
  </datafield>
  <datafield tag="516" ind1=" " ind2=" ">
    <subfield code="5">z</subfield>
    <subfield code="0">Distribue : </subfield>
    <subfield code="3">13877809</subfield>
    <subfield code="a">Teldec</subfield>
  </datafield>
  <datafield tag="516" ind1=" " ind2=" ">
    <subfield code="5">z</subfield>
    <subfield code="0">Distribue : </subfield>
    <subfield code="3">13873775</subfield>
    <subfield code="7">ba0yba0y</subfield>
    <subfield code="8">fre   </subfield>
    <subfield code="a">Atlantic</subfield>
  </datafield>
  <datafield tag="516" ind1=" " ind2=" ">
    <subfield code="5">z</subfield>
    <subfield code="0">Distribue : </subfield>
    <subfield code="3">13877485</subfield>
    <subfield code="a">Some Bizarre</subfield>
  </datafield>
  <datafield tag="516" ind1=" " ind2=" ">
    <subfield code="5">z</subfield>
    <subfield code="0">Distribue : </subfield>
    <subfield code="3">13875768</subfield>
    <subfield code="a">Hot Tracks</subfield>
  </datafield>
  <datafield tag="516" ind1=" " ind2=" ">
    <subfield code="5">z</subfield>
    <subfield code="0">Distribue : </subfield>
    <subfield code="3">13877885</subfield>
    <subfield code="a">Touch of Gold</subfield>
  </datafield>
  <datafield tag="516" ind1=" " ind2=" ">
    <subfield code="5">z</subfield>
    <subfield code="0">Distribue : </subfield>
    <subfield code="3">13875854</subfield>
    <subfield code="a">In the mix</subfield>
  </datafield>
  <datafield tag="516" ind1=" " ind2=" ">
    <subfield code="5">z</subfield>
    <subfield code="0">Distribue : </subfield>
    <subfield code="3">13953561</subfield>
    <subfield code="a">Scorpio</subfield>
  </datafield>
  <datafield tag="516" ind1=" " ind2=" ">
    <subfield code="5">z</subfield>
    <subfield code="0">Distribue : </subfield>
    <subfield code="3">13968287</subfield>
    <subfield code="a">Mascotte</subfield>
  </datafield>
  <datafield tag="516" ind1=" " ind2=" ">
    <subfield code="5">z</subfield>
    <subfield code="0">Distribue : </subfield>
    <subfield code="3">13968290</subfield>
    <subfield code="a">Emi-Mascotte</subfield>
  </datafield>
  <datafield tag="516" ind1=" " ind2=" ">
    <subfield code="5">z</subfield>
    <subfield code="0">Distribue : </subfield>
    <subfield code="3">13985023</subfield>
    <subfield code="a">Scorpio-Edel-Regular</subfield>
  </datafield>
  <datafield tag="516" ind1=" " ind2=" ">
    <subfield code="5">z</subfield>
    <subfield code="0">Distribue : </subfield>
    <subfield code="3">13998100</subfield>
    <subfield code="a">Big Mix</subfield>
  </datafield>
  <datafield tag="516" ind1=" " ind2=" ">
    <subfield code="5">z</subfield>
    <subfield code="0">Distribue : </subfield>
    <subfield code="3">13873643</subfield>
    <subfield code="7">ba0yba0y</subfield>
    <subfield code="8">fre   </subfield>
    <subfield code="a">Mk2 music</subfield>
  </datafield>
  <datafield tag="516" ind1=" " ind2=" ">
    <subfield code="5">z</subfield>
    <subfield code="0">Distribue : </subfield>
    <subfield code="3">13934820</subfield>
    <subfield code="7">ba0yba0y</subfield>
    <subfield code="8">fre   </subfield>
    <subfield code="a">Hollywood records</subfield>
    <subfield code="f">1989-....</subfield>
  </datafield>
  <datafield tag="516" ind1=" " ind2=" ">
    <subfield code="5">z</subfield>
    <subfield code="0">Distribue : </subfield>
    <subfield code="3">13958015</subfield>
    <subfield code="a">EarthBeat !</subfield>
  </datafield>
  <datafield tag="516" ind1=" " ind2=" ">
    <subfield code="5">z</subfield>
    <subfield code="0">Distribue : </subfield>
    <subfield code="3">14014767</subfield>
    <subfield code="a">Mammoth</subfield>
  </datafield>
  <datafield tag="516" ind1=" " ind2=" ">
    <subfield code="5">z</subfield>
    <subfield code="0">Distribue : </subfield>
    <subfield code="3">13928704</subfield>
    <subfield code="a">Telstar</subfield>
  </datafield>
  <datafield tag="516" ind1=" " ind2=" ">
    <subfield code="5">z</subfield>
    <subfield code="0">Distribue : </subfield>
    <subfield code="3">14054443</subfield>
    <subfield code="7">ba0yba0y</subfield>
    <subfield code="8">fre   </subfield>
    <subfield code="a">Erato</subfield>
  </datafield>
  <datafield tag="516" ind1=" " ind2=" ">
    <subfield code="5">z</subfield>
    <subfield code="0">Distribue : </subfield>
    <subfield code="3">14054585</subfield>
    <subfield code="7">ba0yba0y</subfield>
    <subfield code="8">fre   </subfield>
    <subfield code="a">Warner jazz France</subfield>
  </datafield>
  <datafield tag="516" ind1=" " ind2=" ">
    <subfield code="5">z</subfield>
    <subfield code="0">Distribue : </subfield>
    <subfield code="3">13877095</subfield>
    <subfield code="7">ba0yba0y</subfield>
    <subfield code="8">fre   </subfield>
    <subfield code="a">Une musique</subfield>
  </datafield>
  <datafield tag="516" ind1=" " ind2=" ">
    <subfield code="5">z</subfield>
    <subfield code="0">Distribue : </subfield>
    <subfield code="3">13981271</subfield>
    <subfield code="a">Edel</subfield>
  </datafield>
  <datafield tag="516" ind1=" " ind2=" ">
    <subfield code="5">z</subfield>
    <subfield code="0">Distribue : </subfield>
    <subfield code="3">14032981</subfield>
    <subfield code="a">Locked on</subfield>
  </datafield>
  <datafield tag="516" ind1=" " ind2=" ">
    <subfield code="5">z</subfield>
    <subfield code="0">Distribue : </subfield>
    <subfield code="3">14030500</subfield>
    <subfield code="a">Koch records</subfield>
  </datafield>
  <datafield tag="516" ind1=" " ind2=" ">
    <subfield code="5">z</subfield>
    <subfield code="0">Distribue : </subfield>
    <subfield code="3">14065880</subfield>
    <subfield code="a">B-unique records</subfield>
  </datafield>
  <datafield tag="516" ind1=" " ind2=" ">
    <subfield code="5">z</subfield>
    <subfield code="0">Distribue : </subfield>
    <subfield code="3">13996763</subfield>
    <subfield code="a">Zyx music</subfield>
  </datafield>
  <datafield tag="516" ind1=" " ind2=" ">
    <subfield code="5">z</subfield>
    <subfield code="0">Distribue : </subfield>
    <subfield code="3">14065909</subfield>
    <subfield code="a">Loma</subfield>
  </datafield>
  <datafield tag="516" ind1=" " ind2=" ">
    <subfield code="5">z</subfield>
    <subfield code="0">Distribue : </subfield>
    <subfield code="3">13873667</subfield>
    <subfield code="a">Apache</subfield>
  </datafield>
  <datafield tag="516" ind1=" " ind2=" ">
    <subfield code="5">z</subfield>
    <subfield code="0">Distribue : </subfield>
    <subfield code="3">13947286</subfield>
    <subfield code="a">WEA-Apache</subfield>
  </datafield>
  <datafield tag="516" ind1=" " ind2=" ">
    <subfield code="5">z</subfield>
    <subfield code="0">Distribue : </subfield>
    <subfield code="3">13938744</subfield>
    <subfield code="a">Erato-Libretto</subfield>
  </datafield>
  <datafield tag="516" ind1=" " ind2=" ">
    <subfield code="5">z</subfield>
    <subfield code="0">Distribue : </subfield>
    <subfield code="3">13948528</subfield>
    <subfield code="a">Elektra-PWR</subfield>
  </datafield>
  <datafield tag="516" ind1=" " ind2=" ">
    <subfield code="5">z</subfield>
    <subfield code="0">Distribue : </subfield>
    <subfield code="3">13958072</subfield>
    <subfield code="a">Reprise-Forceful</subfield>
  </datafield>
  <datafield tag="516" ind1=" " ind2=" ">
    <subfield code="5">z</subfield>
    <subfield code="0">Distribue : </subfield>
    <subfield code="3">13873947</subfield>
    <subfield code="a">Prestige-New Jazz</subfield>
  </datafield>
  <datafield tag="516" ind1=" " ind2=" ">
    <subfield code="5">z</subfield>
    <subfield code="0">Distribue : </subfield>
    <subfield code="3">13875554</subfield>
    <subfield code="a">Galaxy</subfield>
  </datafield>
  <datafield tag="516" ind1=" " ind2=" ">
    <subfield code="5">z</subfield>
    <subfield code="0">Distribue : </subfield>
    <subfield code="3">13875919</subfield>
    <subfield code="7">ba0yba0y</subfield>
    <subfield code="8">fre   </subfield>
    <subfield code="a">Jazzland</subfield>
    <subfield code="c">Allemagne</subfield>
  </datafield>
  <datafield tag="516" ind1=" " ind2=" ">
    <subfield code="5">z</subfield>
    <subfield code="0">Distribue : </subfield>
    <subfield code="3">13874022</subfield>
    <subfield code="a">Wea-Mvg</subfield>
  </datafield>
  <datafield tag="516" ind1=" " ind2=" ">
    <subfield code="5">z</subfield>
    <subfield code="0">Distribue : </subfield>
    <subfield code="3">13874021</subfield>
    <subfield code="a">WEA-Play it loud</subfield>
  </datafield>
  <datafield tag="516" ind1=" " ind2=" ">
    <subfield code="5">z</subfield>
    <subfield code="0">Distribue : </subfield>
    <subfield code="3">13937871</subfield>
    <subfield code="a">Atlantic-Lone Wolf</subfield>
  </datafield>
  <datafield tag="516" ind1=" " ind2=" ">
    <subfield code="5">z</subfield>
    <subfield code="0">Distribue : </subfield>
    <subfield code="3">13937877</subfield>
    <subfield code="a">Atlantic-Loud &amp; Proud</subfield>
  </datafield>
  <datafield tag="516" ind1=" " ind2=" ">
    <subfield code="5">z</subfield>
    <subfield code="0">Distribue : </subfield>
    <subfield code="3">13943730</subfield>
    <subfield code="a">Elektra-Pendulum</subfield>
  </datafield>
  <datafield tag="516" ind1=" " ind2=" ">
    <subfield code="5">z</subfield>
    <subfield code="0">Distribue : </subfield>
    <subfield code="3">13875394</subfield>
    <subfield code="a">Fantasy</subfield>
  </datafield>
  <datafield tag="516" ind1=" " ind2=" ">
    <subfield code="5">z</subfield>
    <subfield code="0">Distribue : </subfield>
    <subfield code="3">13948830</subfield>
    <subfield code="a">East West-Australian</subfield>
  </datafield>
  <datafield tag="516" ind1=" " ind2=" ">
    <subfield code="5">z</subfield>
    <subfield code="0">Distribue : </subfield>
    <subfield code="3">13874710</subfield>
    <subfield code="a">WEA-Torpedo</subfield>
  </datafield>
  <datafield tag="516" ind1=" " ind2=" ">
    <subfield code="5">z</subfield>
    <subfield code="0">Distribue : </subfield>
    <subfield code="3">13874713</subfield>
    <subfield code="a">Reprise-Kalimba</subfield>
  </datafield>
  <datafield tag="516" ind1=" " ind2=" ">
    <subfield code="5">z</subfield>
    <subfield code="0">Distribue : </subfield>
    <subfield code="3">13931373</subfield>
    <subfield code="a">Musifrance</subfield>
  </datafield>
  <datafield tag="516" ind1=" " ind2=" ">
    <subfield code="5">z</subfield>
    <subfield code="0">Distribue : </subfield>
    <subfield code="3">13932181</subfield>
    <subfield code="7">ba0yba0y</subfield>
    <subfield code="8">fre   </subfield>
    <subfield code="a">Rhino</subfield>
  </datafield>
  <datafield tag="516" ind1=" " ind2=" ">
    <subfield code="5">z</subfield>
    <subfield code="0">Distribue : </subfield>
    <subfield code="3">13930610</subfield>
    <subfield code="a">Warner Bros-Rap</subfield>
  </datafield>
  <datafield tag="516" ind1=" " ind2=" ">
    <subfield code="5">z</subfield>
    <subfield code="0">Distribue : </subfield>
    <subfield code="3">13878143</subfield>
    <subfield code="a">Warner Bros-Cold Chillin&apos;</subfield>
  </datafield>
  <datafield tag="516" ind1=" " ind2=" ">
    <subfield code="5">z</subfield>
    <subfield code="0">Distribue : </subfield>
    <subfield code="3">13949495</subfield>
    <subfield code="a">Select</subfield>
    <subfield code="c">1992-....</subfield>
  </datafield>
  <datafield tag="516" ind1=" " ind2=" ">
    <subfield code="5">z</subfield>
    <subfield code="0">Distribue : </subfield>
    <subfield code="3">13877140</subfield>
    <subfield code="a">Real</subfield>
  </datafield>
  <datafield tag="516" ind1=" " ind2=" ">
    <subfield code="5">z</subfield>
    <subfield code="0">Distribue : </subfield>
    <subfield code="3">13875597</subfield>
    <subfield code="a">Warner Bros-Capricorn</subfield>
  </datafield>
  <datafield tag="516" ind1=" " ind2=" ">
    <subfield code="5">z</subfield>
    <subfield code="0">Distribue : </subfield>
    <subfield code="3">13875675</subfield>
    <subfield code="a">Warner Bros-Reprise</subfield>
  </datafield>
  <datafield tag="516" ind1=" " ind2=" ">
    <subfield code="5">z</subfield>
    <subfield code="0">Distribue : </subfield>
    <subfield code="3">13875013</subfield>
    <subfield code="a">Rhino-Atlantic Jazz</subfield>
  </datafield>
  <datafield tag="516" ind1=" " ind2=" ">
    <subfield code="5">z</subfield>
    <subfield code="0">Distribue : </subfield>
    <subfield code="3">13876140</subfield>
    <subfield code="a">Elektra-Street know ledge</subfield>
  </datafield>
  <datafield tag="516" ind1=" " ind2=" ">
    <subfield code="5">z</subfield>
    <subfield code="0">Distribue : </subfield>
    <subfield code="3">14020815</subfield>
    <subfield code="a">Ziriguiboom</subfield>
  </datafield>
  <datafield tag="516" ind1=" " ind2=" ">
    <subfield code="5">z</subfield>
    <subfield code="0">Distribue : </subfield>
    <subfield code="3">14028234</subfield>
    <subfield code="a">Vik recordings</subfield>
  </datafield>
  <datafield tag="516" ind1=" " ind2=" ">
    <subfield code="5">z</subfield>
    <subfield code="0">Distribue : </subfield>
    <subfield code="3">14034663</subfield>
    <subfield code="a">Iht Records</subfield>
  </datafield>
  <datafield tag="516" ind1=" " ind2=" ">
    <subfield code="5">z</subfield>
    <subfield code="0">Distribue : </subfield>
    <subfield code="3">14038107</subfield>
    <subfield code="a">Narada jazz</subfield>
  </datafield>
  <datafield tag="516" ind1=" " ind2=" ">
    <subfield code="5">z</subfield>
    <subfield code="0">Distribue : </subfield>
    <subfield code="3">14038189</subfield>
    <subfield code="a">Warner.esp</subfield>
  </datafield>
  <datafield tag="516" ind1=" " ind2=" ">
    <subfield code="5">z</subfield>
    <subfield code="0">Distribue : </subfield>
    <subfield code="3">14038950</subfield>
    <subfield code="a">Radar</subfield>
  </datafield>
  <datafield tag="516" ind1=" " ind2=" ">
    <subfield code="5">z</subfield>
    <subfield code="0">Distribue : </subfield>
    <subfield code="3">14038985</subfield>
    <subfield code="a">Pum jazz band</subfield>
  </datafield>
  <datafield tag="516" ind1=" " ind2=" ">
    <subfield code="5">z</subfield>
    <subfield code="0">Distribue : </subfield>
    <subfield code="3">14039046</subfield>
    <subfield code="a">Dream machine</subfield>
  </datafield>
  <datafield tag="516" ind1=" " ind2=" ">
    <subfield code="5">z</subfield>
    <subfield code="0">Distribue : </subfield>
    <subfield code="3">13926986</subfield>
    <subfield code="a">Warner Bros-Sire-Luaka Bop</subfield>
  </datafield>
  <datafield tag="516" ind1=" " ind2=" ">
    <subfield code="5">z</subfield>
    <subfield code="0">Distribue : </subfield>
    <subfield code="3">13927020</subfield>
    <subfield code="a">Warner Bros-Uptown</subfield>
  </datafield>
  <datafield tag="516" ind1=" " ind2=" ">
    <subfield code="5">z</subfield>
    <subfield code="0">Distribue : </subfield>
    <subfield code="3">13947282</subfield>
    <subfield code="a">Reprise-Cold Chillin&apos;</subfield>
  </datafield>
  <datafield tag="516" ind1=" " ind2=" ">
    <subfield code="5">z</subfield>
    <subfield code="0">Distribue : </subfield>
    <subfield code="3">13952909</subfield>
    <subfield code="a">Debut</subfield>
  </datafield>
  <datafield tag="516" ind1=" " ind2=" ">
    <subfield code="5">z</subfield>
    <subfield code="0">Distribue : </subfield>
    <subfield code="3">13938485</subfield>
    <subfield code="a">Orange blue</subfield>
  </datafield>
  <datafield tag="516" ind1=" " ind2=" ">
    <subfield code="5">z</subfield>
    <subfield code="0">Distribue : </subfield>
    <subfield code="3">13875633</subfield>
    <subfield code="a">Elektra-Sub Pop</subfield>
  </datafield>
  <datafield tag="516" ind1=" " ind2=" ">
    <subfield code="5">z</subfield>
    <subfield code="0">Distribue : </subfield>
    <subfield code="3">13875171</subfield>
    <subfield code="a">Duck</subfield>
  </datafield>
  <datafield tag="516" ind1=" " ind2=" ">
    <subfield code="5">z</subfield>
    <subfield code="0">Distribue : </subfield>
    <subfield code="3">13876370</subfield>
    <subfield code="a">Megaforce Worldwide</subfield>
  </datafield>
  <datafield tag="516" ind1=" " ind2=" ">
    <subfield code="5">z</subfield>
    <subfield code="0">Distribue : </subfield>
    <subfield code="3">13876776</subfield>
    <subfield code="a">Pablo Live</subfield>
  </datafield>
  <datafield tag="516" ind1=" " ind2=" ">
    <subfield code="5">z</subfield>
    <subfield code="0">Distribue : </subfield>
    <subfield code="3">13930280</subfield>
    <subfield code="a">Warner Bros-Sire-Rhyme Syndicate</subfield>
  </datafield>
  <datafield tag="516" ind1=" " ind2=" ">
    <subfield code="5">z</subfield>
    <subfield code="0">Distribue : </subfield>
    <subfield code="3">13931347</subfield>
    <subfield code="a">WEA-East West</subfield>
  </datafield>
  <datafield tag="516" ind1=" " ind2=" ">
    <subfield code="5">z</subfield>
    <subfield code="0">Distribue : </subfield>
    <subfield code="3">13932567</subfield>
    <subfield code="a">Warner Bros-Rap-Eternal</subfield>
  </datafield>
  <datafield tag="516" ind1=" " ind2=" ">
    <subfield code="5">z</subfield>
    <subfield code="0">Distribue : </subfield>
    <subfield code="3">13934741</subfield>
    <subfield code="a">Warner Bros-Grand Jury</subfield>
  </datafield>
  <datafield tag="516" ind1=" " ind2=" ">
    <subfield code="5">z</subfield>
    <subfield code="0">Distribue : </subfield>
    <subfield code="3">13934753</subfield>
    <subfield code="a">WEA-Australian</subfield>
  </datafield>
  <datafield tag="516" ind1=" " ind2=" ">
    <subfield code="5">z</subfield>
    <subfield code="0">Distribue : </subfield>
    <subfield code="3">13936799</subfield>
    <subfield code="a">WEA-Metronome</subfield>
  </datafield>
  <datafield tag="516" ind1=" " ind2=" ">
    <subfield code="5">z</subfield>
    <subfield code="0">Distribue : </subfield>
    <subfield code="3">13938949</subfield>
    <subfield code="a">WEA International</subfield>
  </datafield>
  <datafield tag="516" ind1=" " ind2=" ">
    <subfield code="5">z</subfield>
    <subfield code="0">Distribue : </subfield>
    <subfield code="3">13947018</subfield>
    <subfield code="a">Medley</subfield>
  </datafield>
  <datafield tag="516" ind1=" " ind2=" ">
    <subfield code="5">z</subfield>
    <subfield code="0">Distribue : </subfield>
    <subfield code="3">13878150</subfield>
    <subfield code="a">Warner Bros-Opal</subfield>
  </datafield>
  <datafield tag="516" ind1=" " ind2=" ">
    <subfield code="5">z</subfield>
    <subfield code="0">Distribue : </subfield>
    <subfield code="3">13876405</subfield>
    <subfield code="a">Reprise-Giant Step</subfield>
  </datafield>
  <datafield tag="516" ind1=" " ind2=" ">
    <subfield code="5">z</subfield>
    <subfield code="0">Distribue : </subfield>
    <subfield code="3">14033599</subfield>
    <subfield code="a">Nonsolo blue&apos;s</subfield>
  </datafield>
  <datafield tag="516" ind1=" " ind2=" ">
    <subfield code="5">z</subfield>
    <subfield code="0">Distribue : </subfield>
    <subfield code="3">14039074</subfield>
    <subfield code="a">RuffNation records</subfield>
  </datafield>
  <datafield tag="516" ind1=" " ind2=" ">
    <subfield code="5">z</subfield>
    <subfield code="0">Distribue : </subfield>
    <subfield code="3">14028499</subfield>
    <subfield code="a">Beat</subfield>
  </datafield>
  <datafield tag="516" ind1=" " ind2=" ">
    <subfield code="5">z</subfield>
    <subfield code="0">Distribue : </subfield>
    <subfield code="3">14041373</subfield>
    <subfield code="a">Coroner records</subfield>
  </datafield>
  <datafield tag="516" ind1=" " ind2=" ">
    <subfield code="5">z</subfield>
    <subfield code="0">Distribue : </subfield>
    <subfield code="3">14028266</subfield>
    <subfield code="a">Freakstreet</subfield>
  </datafield>
  <datafield tag="516" ind1=" " ind2=" ">
    <subfield code="5">z</subfield>
    <subfield code="0">Distribue : </subfield>
    <subfield code="3">13954853</subfield>
    <subfield code="a">LKJ</subfield>
  </datafield>
  <datafield tag="516" ind1=" " ind2=" ">
    <subfield code="5">z</subfield>
    <subfield code="0">A distribué : </subfield>
    <subfield code="3">14043080</subfield>
    <subfield code="7">ba0yba0y</subfield>
    <subfield code="8">fre   </subfield>
    <subfield code="a">45 Scientific</subfield>
  </datafield>
  <datafield tag="516" ind1=" " ind2=" ">
    <subfield code="5">z</subfield>
    <subfield code="0">Distribue : </subfield>
    <subfield code="3">14020922</subfield>
    <subfield code="a">Nouvelle donne music</subfield>
  </datafield>
  <datafield tag="516" ind1=" " ind2=" ">
    <subfield code="5">z</subfield>
    <subfield code="0">Distribue : </subfield>
    <subfield code="3">14043691</subfield>
    <subfield code="a">Divine mill</subfield>
  </datafield>
  <datafield tag="516" ind1=" " ind2=" ">
    <subfield code="5">z</subfield>
    <subfield code="0">Distribue : </subfield>
    <subfield code="3">14043870</subfield>
    <subfield code="a">Elektra traditions</subfield>
  </datafield>
  <datafield tag="516" ind1=" " ind2=" ">
    <subfield code="5">z</subfield>
    <subfield code="0">Distribue : </subfield>
    <subfield code="3">14043874</subfield>
    <subfield code="7">ba0yba0y</subfield>
    <subfield code="8">fre   </subfield>
    <subfield code="a">Warner Fonit</subfield>
  </datafield>
  <datafield tag="516" ind1=" " ind2=" ">
    <subfield code="5">z</subfield>
    <subfield code="0">Distribue : </subfield>
    <subfield code="3">14030040</subfield>
    <subfield code="a">Strictly rhythm UK</subfield>
  </datafield>
  <datafield tag="516" ind1=" " ind2=" ">
    <subfield code="5">z</subfield>
    <subfield code="0">Distribue : </subfield>
    <subfield code="3">14044840</subfield>
    <subfield code="a">Teldec new line</subfield>
  </datafield>
  <datafield tag="516" ind1=" " ind2=" ">
    <subfield code="5">z</subfield>
    <subfield code="0">Distribue : </subfield>
    <subfield code="3">14047165</subfield>
    <subfield code="a">Curb records</subfield>
  </datafield>
  <datafield tag="516" ind1=" " ind2=" ">
    <subfield code="5">z</subfield>
    <subfield code="0">Distribue : </subfield>
    <subfield code="3">13875132</subfield>
    <subfield code="a">Walt Disney records</subfield>
  </datafield>
  <datafield tag="516" ind1=" " ind2=" ">
    <subfield code="5">z</subfield>
    <subfield code="0">Distribue : </subfield>
    <subfield code="3">14047836</subfield>
    <subfield code="a">Frenetic</subfield>
  </datafield>
  <datafield tag="516" ind1=" " ind2=" ">
    <subfield code="5">z</subfield>
    <subfield code="0">A distribué : </subfield>
    <subfield code="3">13874948</subfield>
    <subfield code="7">ba0yba0y</subfield>
    <subfield code="8">fre   </subfield>
    <subfield code="a">Crammed</subfield>
  </datafield>
  <datafield tag="516" ind1=" " ind2=" ">
    <subfield code="5">z</subfield>
    <subfield code="0">Distribue : </subfield>
    <subfield code="3">14048885</subfield>
    <subfield code="a">Warner strategic marketing United Kingdom</subfield>
  </datafield>
  <datafield tag="516" ind1=" " ind2=" ">
    <subfield code="5">z</subfield>
    <subfield code="0">Distribue : </subfield>
    <subfield code="3">14066168</subfield>
    <subfield code="a">New line records</subfield>
  </datafield>
  <datafield tag="516" ind1=" " ind2=" ">
    <subfield code="5">z</subfield>
    <subfield code="0">Distribue : </subfield>
    <subfield code="3">14066180</subfield>
    <subfield code="7">ba0yba0y</subfield>
    <subfield code="8">fre   </subfield>
    <subfield code="a">Evidence</subfield>
    <subfield code="f">20..-....</subfield>
    <subfield code="c">Marque finlandaise</subfield>
  </datafield>
  <datafield tag="516" ind1=" " ind2=" ">
    <subfield code="5">z</subfield>
    <subfield code="0">Distribue : </subfield>
    <subfield code="3">13933789</subfield>
    <subfield code="a">Warner Bros-Wilbury</subfield>
  </datafield>
  <datafield tag="516" ind1=" " ind2=" ">
    <subfield code="5">z</subfield>
    <subfield code="0">Distribue : </subfield>
    <subfield code="3">13933984</subfield>
    <subfield code="a">Warner Bros-Sire-Q Sound</subfield>
  </datafield>
  <datafield tag="516" ind1=" " ind2=" ">
    <subfield code="5">z</subfield>
    <subfield code="0">Distribue : </subfield>
    <subfield code="3">13937915</subfield>
    <subfield code="a">Warner Bros-Giant</subfield>
  </datafield>
  <datafield tag="516" ind1=" " ind2=" ">
    <subfield code="5">z</subfield>
    <subfield code="0">Distribue : </subfield>
    <subfield code="3">13939172</subfield>
    <subfield code="a">Teldec Classics</subfield>
  </datafield>
  <datafield tag="516" ind1=" " ind2=" ">
    <subfield code="5">z</subfield>
    <subfield code="0">Distribue : </subfield>
    <subfield code="3">13942022</subfield>
    <subfield code="a">Warner Bros-Tappan Zee</subfield>
  </datafield>
  <datafield tag="516" ind1=" " ind2=" ">
    <subfield code="5">z</subfield>
    <subfield code="0">Distribue : </subfield>
    <subfield code="3">13876434</subfield>
    <subfield code="a">Milestone</subfield>
  </datafield>
  <datafield tag="516" ind1=" " ind2=" ">
    <subfield code="5">z</subfield>
    <subfield code="0">Distribue : </subfield>
    <subfield code="3">13946946</subfield>
    <subfield code="a">Montreux Jazz Festival</subfield>
  </datafield>
  <datafield tag="516" ind1=" " ind2=" ">
    <subfield code="5">z</subfield>
    <subfield code="0">Distribue : </subfield>
    <subfield code="3">13947019</subfield>
    <subfield code="a">Warner Bros-Medley</subfield>
  </datafield>
  <datafield tag="516" ind1=" " ind2=" ">
    <subfield code="5">z</subfield>
    <subfield code="0">Distribue : </subfield>
    <subfield code="3">13956222</subfield>
    <subfield code="a">Warner Bros-Quinlan Road</subfield>
  </datafield>
  <datafield tag="516" ind1=" " ind2=" ">
    <subfield code="5">z</subfield>
    <subfield code="0">Distribue : </subfield>
    <subfield code="3">13876465</subfield>
    <subfield code="a">Do it</subfield>
  </datafield>
  <datafield tag="516" ind1=" " ind2=" ">
    <subfield code="5">z</subfield>
    <subfield code="0">Distribue : </subfield>
    <subfield code="3">13971550</subfield>
    <subfield code="a">China-Equation</subfield>
  </datafield>
  <datafield tag="516" ind1=" " ind2=" ">
    <subfield code="5">z</subfield>
    <subfield code="0">Distribue : </subfield>
    <subfield code="3">13971551</subfield>
    <subfield code="a">WB-Unplugged</subfield>
  </datafield>
  <datafield tag="516" ind1=" " ind2=" ">
    <subfield code="5">z</subfield>
    <subfield code="0">Distribue : </subfield>
    <subfield code="3">13877057</subfield>
    <subfield code="a">Reprise-Qwest</subfield>
  </datafield>
  <datafield tag="516" ind1=" " ind2=" ">
    <subfield code="5">z</subfield>
    <subfield code="0">Distribue : </subfield>
    <subfield code="3">13947021</subfield>
    <subfield code="a">Warner Bros-Giant-Big Beat</subfield>
  </datafield>
  <datafield tag="516" ind1=" " ind2=" ">
    <subfield code="5">z</subfield>
    <subfield code="0">Distribue : </subfield>
    <subfield code="3">13947280</subfield>
    <subfield code="a">Elektra-Rush Artist</subfield>
  </datafield>
  <datafield tag="516" ind1=" " ind2=" ">
    <subfield code="5">z</subfield>
    <subfield code="0">Distribue : </subfield>
    <subfield code="3">13947281</subfield>
    <subfield code="a">Sire-Reprise-Kinetic</subfield>
  </datafield>
  <datafield tag="516" ind1=" " ind2=" ">
    <subfield code="5">z</subfield>
    <subfield code="0">Distribue : </subfield>
    <subfield code="3">13933802</subfield>
    <subfield code="a">Reprise-Giant</subfield>
  </datafield>
  <datafield tag="516" ind1=" " ind2=" ">
    <subfield code="5">z</subfield>
    <subfield code="0">Distribue : </subfield>
    <subfield code="3">13875245</subfield>
    <subfield code="a">Elektra-Nonesuch</subfield>
  </datafield>
  <datafield tag="516" ind1=" " ind2=" ">
    <subfield code="5">z</subfield>
    <subfield code="0">Distribue : </subfield>
    <subfield code="3">13947290</subfield>
    <subfield code="a">Warner Bros-Sire-Blue Horizon Héritage</subfield>
  </datafield>
  <datafield tag="516" ind1=" " ind2=" ">
    <subfield code="5">z</subfield>
    <subfield code="0">Distribue : </subfield>
    <subfield code="3">13947778</subfield>
    <subfield code="a">WEA-Quinlan Road</subfield>
  </datafield>
  <datafield tag="516" ind1=" " ind2=" ">
    <subfield code="5">z</subfield>
    <subfield code="0">Distribue : </subfield>
    <subfield code="3">13947787</subfield>
    <subfield code="a">WEA-Orange Blue</subfield>
  </datafield>
  <datafield tag="516" ind1=" " ind2=" ">
    <subfield code="5">z</subfield>
    <subfield code="0">Distribue : </subfield>
    <subfield code="3">13937691</subfield>
    <subfield code="a">Erato-Emeraude</subfield>
  </datafield>
  <datafield tag="516" ind1=" " ind2=" ">
    <subfield code="5">z</subfield>
    <subfield code="0">Distribue : </subfield>
    <subfield code="3">13948579</subfield>
    <subfield code="a">Teldec-Esprit</subfield>
  </datafield>
  <datafield tag="516" ind1=" " ind2=" ">
    <subfield code="5">z</subfield>
    <subfield code="0">Distribue : </subfield>
    <subfield code="3">13948604</subfield>
    <subfield code="a">Reprise-Graphics</subfield>
  </datafield>
  <datafield tag="516" ind1=" " ind2=" ">
    <subfield code="5">z</subfield>
    <subfield code="0">Distribue : </subfield>
    <subfield code="3">13931511</subfield>
    <subfield code="a">New Jazz</subfield>
  </datafield>
  <datafield tag="516" ind1=" " ind2=" ">
    <subfield code="5">z</subfield>
    <subfield code="0">Distribue : </subfield>
    <subfield code="3">13948863</subfield>
    <subfield code="a">Pwr</subfield>
  </datafield>
  <datafield tag="516" ind1=" " ind2=" ">
    <subfield code="5">z</subfield>
    <subfield code="0">Distribue : </subfield>
    <subfield code="3">13950243</subfield>
    <subfield code="a">Warner Bros-GD</subfield>
  </datafield>
  <datafield tag="516" ind1=" " ind2=" ">
    <subfield code="5">z</subfield>
    <subfield code="0">Distribue : </subfield>
    <subfield code="3">13950244</subfield>
    <subfield code="a">Warner Bros-Sire-Maverick</subfield>
  </datafield>
  <datafield tag="516" ind1=" " ind2=" ">
    <subfield code="5">z</subfield>
    <subfield code="0">Distribue : </subfield>
    <subfield code="3">13937132</subfield>
    <subfield code="a">Elektra-African Love</subfield>
  </datafield>
  <datafield tag="516" ind1=" " ind2=" ">
    <subfield code="5">z</subfield>
    <subfield code="0">Distribue : </subfield>
    <subfield code="3">13950637</subfield>
    <subfield code="a">REM-Athens</subfield>
  </datafield>
  <datafield tag="516" ind1=" " ind2=" ">
    <subfield code="5">z</subfield>
    <subfield code="0">Distribue : </subfield>
    <subfield code="3">13878162</subfield>
    <subfield code="a">WEA-Real</subfield>
  </datafield>
  <datafield tag="516" ind1=" " ind2=" ">
    <subfield code="5">z</subfield>
    <subfield code="0">Distribue : </subfield>
    <subfield code="3">13929764</subfield>
    <subfield code="a">Elektra-FFF</subfield>
  </datafield>
  <datafield tag="516" ind1=" " ind2=" ">
    <subfield code="5">z</subfield>
    <subfield code="0">Distribue : </subfield>
    <subfield code="3">13964750</subfield>
    <subfield code="a">WEA-Korova</subfield>
  </datafield>
  <datafield tag="516" ind1=" " ind2=" ">
    <subfield code="5">z</subfield>
    <subfield code="0">Distribue : </subfield>
    <subfield code="3">13951661</subfield>
    <subfield code="a">WEA-Sire-Real</subfield>
  </datafield>
  <datafield tag="516" ind1=" " ind2=" ">
    <subfield code="5">z</subfield>
    <subfield code="0">Distribue : </subfield>
    <subfield code="3">13952228</subfield>
    <subfield code="a">Warner Bros-Luaka bop</subfield>
  </datafield>
  <datafield tag="516" ind1=" " ind2=" ">
    <subfield code="5">z</subfield>
    <subfield code="0">Distribue : </subfield>
    <subfield code="3">13927112</subfield>
    <subfield code="a">Warner Bros-Qwest</subfield>
  </datafield>
  <datafield tag="516" ind1=" " ind2=" ">
    <subfield code="5">z</subfield>
    <subfield code="0">Distribue : </subfield>
    <subfield code="3">13953049</subfield>
    <subfield code="7">ba0yba0y</subfield>
    <subfield code="8">fre   </subfield>
    <subfield code="a">Solid</subfield>
  </datafield>
  <datafield tag="516" ind1=" " ind2=" ">
    <subfield code="5">z</subfield>
    <subfield code="0">Distribue : </subfield>
    <subfield code="3">13953804</subfield>
    <subfield code="a">Sire-Blanco y Negro</subfield>
  </datafield>
  <datafield tag="516" ind1=" " ind2=" ">
    <subfield code="5">z</subfield>
    <subfield code="0">Distribue : </subfield>
    <subfield code="3">13877174</subfield>
    <subfield code="a">Reprise-Full Moon</subfield>
  </datafield>
  <datafield tag="516" ind1=" " ind2=" ">
    <subfield code="5">z</subfield>
    <subfield code="0">Distribue : </subfield>
    <subfield code="3">13877441</subfield>
    <subfield code="a">Sire-Reprise</subfield>
  </datafield>
  <datafield tag="516" ind1=" " ind2=" ">
    <subfield code="5">z</subfield>
    <subfield code="0">Distribue : </subfield>
    <subfield code="3">13955529</subfield>
    <subfield code="a">Wea-Some Bizzare</subfield>
  </datafield>
  <datafield tag="516" ind1=" " ind2=" ">
    <subfield code="5">z</subfield>
    <subfield code="0">Distribue : </subfield>
    <subfield code="3">13955531</subfield>
    <subfield code="a">Elektra-Keia</subfield>
  </datafield>
  <datafield tag="516" ind1=" " ind2=" ">
    <subfield code="5">z</subfield>
    <subfield code="0">Distribue : </subfield>
    <subfield code="3">13955538</subfield>
    <subfield code="a">Red Dot</subfield>
  </datafield>
  <datafield tag="516" ind1=" " ind2=" ">
    <subfield code="5">z</subfield>
    <subfield code="0">Distribue : </subfield>
    <subfield code="3">13955539</subfield>
    <subfield code="a">Sire-Reprise-Maverick</subfield>
  </datafield>
  <datafield tag="516" ind1=" " ind2=" ">
    <subfield code="5">z</subfield>
    <subfield code="0">Distribue : </subfield>
    <subfield code="3">13876055</subfield>
    <subfield code="a">Korova</subfield>
  </datafield>
  <datafield tag="516" ind1=" " ind2=" ">
    <subfield code="5">z</subfield>
    <subfield code="0">Distribue : </subfield>
    <subfield code="3">13876673</subfield>
    <subfield code="a">Nonesuch</subfield>
  </datafield>
  <datafield tag="516" ind1=" " ind2=" ">
    <subfield code="5">z</subfield>
    <subfield code="0">Distribue : </subfield>
    <subfield code="3">13876788</subfield>
    <subfield code="a">Paisley Park</subfield>
  </datafield>
  <datafield tag="516" ind1=" " ind2=" ">
    <subfield code="5">z</subfield>
    <subfield code="0">Distribue : </subfield>
    <subfield code="3">13927021</subfield>
    <subfield code="a">Wea-pm</subfield>
  </datafield>
  <datafield tag="516" ind1=" " ind2=" ">
    <subfield code="5">z</subfield>
    <subfield code="0">Distribue : </subfield>
    <subfield code="3">13927022</subfield>
    <subfield code="a">WEA-Pra</subfield>
  </datafield>
  <datafield tag="516" ind1=" " ind2=" ">
    <subfield code="5">z</subfield>
    <subfield code="0">Distribue : </subfield>
    <subfield code="3">13955846</subfield>
    <subfield code="a">Warner Bros-Sire-I Square</subfield>
  </datafield>
  <datafield tag="516" ind1=" " ind2=" ">
    <subfield code="5">z</subfield>
    <subfield code="0">Distribue : </subfield>
    <subfield code="3">13878146</subfield>
    <subfield code="a">Warner Bros-Full Moon</subfield>
  </datafield>
  <datafield tag="516" ind1=" " ind2=" ">
    <subfield code="5">z</subfield>
    <subfield code="0">Distribue : </subfield>
    <subfield code="3">13957572</subfield>
    <subfield code="a">Teldec Historic</subfield>
  </datafield>
  <datafield tag="516" ind1=" " ind2=" ">
    <subfield code="5">z</subfield>
    <subfield code="0">Distribue : </subfield>
    <subfield code="3">13957575</subfield>
    <subfield code="a">Warner Bros-Mtv-Stiefel Phillips</subfield>
  </datafield>
  <datafield tag="516" ind1=" " ind2=" ">
    <subfield code="5">z</subfield>
    <subfield code="0">Distribue : </subfield>
    <subfield code="3">13957594</subfield>
    <subfield code="a">Reprise-MTV</subfield>
  </datafield>
  <datafield tag="516" ind1=" " ind2=" ">
    <subfield code="5">z</subfield>
    <subfield code="0">Distribue : </subfield>
    <subfield code="3">13876933</subfield>
    <subfield code="a">WEA-Telegram-MVG</subfield>
  </datafield>
  <datafield tag="516" ind1=" " ind2=" ">
    <subfield code="5">z</subfield>
    <subfield code="0">Distribue : </subfield>
    <subfield code="3">13965018</subfield>
    <subfield code="a">Elektra-Asylum</subfield>
  </datafield>
  <datafield tag="516" ind1=" " ind2=" ">
    <subfield code="5">z</subfield>
    <subfield code="0">Distribue : </subfield>
    <subfield code="3">13968220</subfield>
    <subfield code="a">WB-Western</subfield>
  </datafield>
  <datafield tag="516" ind1=" " ind2=" ">
    <subfield code="5">z</subfield>
    <subfield code="0">Distribue : </subfield>
    <subfield code="3">13966128</subfield>
    <subfield code="a">Wea-Mvg-Telegraph</subfield>
  </datafield>
  <datafield tag="516" ind1=" " ind2=" ">
    <subfield code="5">z</subfield>
    <subfield code="0">Distribue : </subfield>
    <subfield code="3">13874752</subfield>
    <subfield code="a">China</subfield>
  </datafield>
  <datafield tag="516" ind1=" " ind2=" ">
    <subfield code="5">z</subfield>
    <subfield code="0">Distribue : </subfield>
    <subfield code="3">13877616</subfield>
    <subfield code="a">China-Psycho</subfield>
  </datafield>
  <datafield tag="516" ind1=" " ind2=" ">
    <subfield code="5">z</subfield>
    <subfield code="0">Distribue : </subfield>
    <subfield code="3">13877627</subfield>
    <subfield code="a">Elektra-Mötley</subfield>
  </datafield>
  <datafield tag="516" ind1=" " ind2=" ">
    <subfield code="5">z</subfield>
    <subfield code="0">Distribue : </subfield>
    <subfield code="3">13876777</subfield>
    <subfield code="a">Pablo Today</subfield>
  </datafield>
  <datafield tag="516" ind1=" " ind2=" ">
    <subfield code="5">z</subfield>
    <subfield code="0">Distribue : </subfield>
    <subfield code="3">13875436</subfield>
    <subfield code="a">Finlandia</subfield>
  </datafield>
  <datafield tag="516" ind1=" " ind2=" ">
    <subfield code="5">z</subfield>
    <subfield code="0">Distribue : </subfield>
    <subfield code="3">13873779</subfield>
    <subfield code="a">Atlantic Jazz</subfield>
  </datafield>
  <datafield tag="516" ind1=" " ind2=" ">
    <subfield code="5">z</subfield>
    <subfield code="0">Distribue : </subfield>
    <subfield code="3">13970497</subfield>
    <subfield code="a">Reprise-Qwest-Joke</subfield>
  </datafield>
  <datafield tag="516" ind1=" " ind2=" ">
    <subfield code="5">z</subfield>
    <subfield code="0">Distribue : </subfield>
    <subfield code="3">13875244</subfield>
    <subfield code="a">Elektra-Musician</subfield>
  </datafield>
  <datafield tag="516" ind1=" " ind2=" ">
    <subfield code="5">z</subfield>
    <subfield code="0">Distribue : </subfield>
    <subfield code="3">13875349</subfield>
    <subfield code="a">Eternal</subfield>
  </datafield>
  <datafield tag="516" ind1=" " ind2=" ">
    <subfield code="5">z</subfield>
    <subfield code="0">Distribue : </subfield>
    <subfield code="3">13927107</subfield>
    <subfield code="a">Atlantic-Anthem</subfield>
  </datafield>
  <datafield tag="516" ind1=" " ind2=" ">
    <subfield code="5">z</subfield>
    <subfield code="0">Distribue : </subfield>
    <subfield code="3">13971561</subfield>
    <subfield code="a">WEA-Spacejunk</subfield>
  </datafield>
  <datafield tag="516" ind1=" " ind2=" ">
    <subfield code="5">z</subfield>
    <subfield code="0">Distribue : </subfield>
    <subfield code="3">13974661</subfield>
    <subfield code="a">Warner Music Netherlands</subfield>
  </datafield>
  <datafield tag="516" ind1=" " ind2=" ">
    <subfield code="5">z</subfield>
    <subfield code="0">Distribue : </subfield>
    <subfield code="3">13975042</subfield>
    <subfield code="a">East West-MVG</subfield>
  </datafield>
  <datafield tag="516" ind1=" " ind2=" ">
    <subfield code="5">z</subfield>
    <subfield code="0">Distribue : </subfield>
    <subfield code="3">13975360</subfield>
    <subfield code="a">Elektra-Swell</subfield>
  </datafield>
  <datafield tag="516" ind1=" " ind2=" ">
    <subfield code="5">z</subfield>
    <subfield code="0">Distribue : </subfield>
    <subfield code="3">13975363</subfield>
    <subfield code="a">Sire-Maverick-Lifestyles</subfield>
  </datafield>
  <datafield tag="516" ind1=" " ind2=" ">
    <subfield code="5">z</subfield>
    <subfield code="0">Distribue : </subfield>
    <subfield code="3">13975365</subfield>
    <subfield code="a">Embryo</subfield>
  </datafield>
  <datafield tag="516" ind1=" " ind2=" ">
    <subfield code="5">z</subfield>
    <subfield code="0">Distribue : </subfield>
    <subfield code="3">13976390</subfield>
    <subfield code="a">WB-Graphics</subfield>
  </datafield>
  <datafield tag="516" ind1=" " ind2=" ">
    <subfield code="5">z</subfield>
    <subfield code="0">Distribue : </subfield>
    <subfield code="3">13976590</subfield>
    <subfield code="a">WEA-N Gram</subfield>
  </datafield>
  <datafield tag="516" ind1=" " ind2=" ">
    <subfield code="5">z</subfield>
    <subfield code="0">Distribue : </subfield>
    <subfield code="3">13977305</subfield>
    <subfield code="a">Atlantic-Celtic Heartbeat</subfield>
  </datafield>
  <datafield tag="516" ind1=" " ind2=" ">
    <subfield code="5">z</subfield>
    <subfield code="0">Distribue : </subfield>
    <subfield code="3">13875129</subfield>
    <subfield code="a">Discovery</subfield>
  </datafield>
  <datafield tag="516" ind1=" " ind2=" ">
    <subfield code="5">z</subfield>
    <subfield code="0">Distribue : </subfield>
    <subfield code="3">13876552</subfield>
    <subfield code="a">Musicraft</subfield>
  </datafield>
  <datafield tag="516" ind1=" " ind2=" ">
    <subfield code="5">z</subfield>
    <subfield code="0">Distribue : </subfield>
    <subfield code="3">13977699</subfield>
    <subfield code="a">Downbeat</subfield>
  </datafield>
  <datafield tag="516" ind1=" " ind2=" ">
    <subfield code="5">z</subfield>
    <subfield code="0">Distribue : </subfield>
    <subfield code="3">13977701</subfield>
    <subfield code="a">WB-Archives</subfield>
  </datafield>
  <datafield tag="516" ind1=" " ind2=" ">
    <subfield code="5">z</subfield>
    <subfield code="0">Distribue : </subfield>
    <subfield code="3">13977702</subfield>
    <subfield code="a">Reprise Archives</subfield>
  </datafield>
  <datafield tag="516" ind1=" " ind2=" ">
    <subfield code="5">z</subfield>
    <subfield code="0">Distribue : </subfield>
    <subfield code="3">13875640</subfield>
    <subfield code="a">Good time jazz</subfield>
  </datafield>
  <datafield tag="516" ind1=" " ind2=" ">
    <subfield code="5">z</subfield>
    <subfield code="0">Distribue : </subfield>
    <subfield code="3">13978307</subfield>
    <subfield code="a">Maverick-Reprise</subfield>
  </datafield>
  <datafield tag="516" ind1=" " ind2=" ">
    <subfield code="5">z</subfield>
    <subfield code="0">Distribue : </subfield>
    <subfield code="3">13978313</subfield>
    <subfield code="a">Squint</subfield>
  </datafield>
  <datafield tag="516" ind1=" " ind2=" ">
    <subfield code="5">z</subfield>
    <subfield code="0">Distribue : </subfield>
    <subfield code="3">13980213</subfield>
    <subfield code="a">Maad-Dance Syndicate</subfield>
  </datafield>
  <datafield tag="516" ind1=" " ind2=" ">
    <subfield code="5">z</subfield>
    <subfield code="0">Distribue : </subfield>
    <subfield code="3">13980214</subfield>
    <subfield code="a">WB-Maverick</subfield>
  </datafield>
  <datafield tag="516" ind1=" " ind2=" ">
    <subfield code="5">z</subfield>
    <subfield code="0">Distribue : </subfield>
    <subfield code="3">13980222</subfield>
    <subfield code="a">Nonesuch-Roxbury</subfield>
  </datafield>
  <datafield tag="516" ind1=" " ind2=" ">
    <subfield code="5">z</subfield>
    <subfield code="0">Distribue : </subfield>
    <subfield code="3">13980227</subfield>
    <subfield code="a">WEA-Dig it International-Eternal</subfield>
  </datafield>
  <datafield tag="516" ind1=" " ind2=" ">
    <subfield code="5">z</subfield>
    <subfield code="0">Distribue : </subfield>
    <subfield code="3">13980228</subfield>
    <subfield code="a">WB-Upstairs</subfield>
  </datafield>
  <datafield tag="516" ind1=" " ind2=" ">
    <subfield code="5">z</subfield>
    <subfield code="0">Distribue : </subfield>
    <subfield code="3">13980301</subfield>
    <subfield code="a">Riverside-Original Jazz Classics</subfield>
  </datafield>
  <datafield tag="516" ind1=" " ind2=" ">
    <subfield code="5">z</subfield>
    <subfield code="0">Distribue : </subfield>
    <subfield code="3">13980302</subfield>
    <subfield code="a">Jazzland-Original Jazz Classics Limited Edition Series</subfield>
  </datafield>
  <datafield tag="516" ind1=" " ind2=" ">
    <subfield code="5">z</subfield>
    <subfield code="0">Distribue : </subfield>
    <subfield code="3">13980303</subfield>
    <subfield code="a">Contemporary-Original Jazz Classics Limited Edition Series</subfield>
  </datafield>
  <datafield tag="516" ind1=" " ind2=" ">
    <subfield code="5">z</subfield>
    <subfield code="0">Distribue : </subfield>
    <subfield code="3">13981404</subfield>
    <subfield code="a">WB-Metal Blade</subfield>
  </datafield>
  <datafield tag="516" ind1=" " ind2=" ">
    <subfield code="5">z</subfield>
    <subfield code="0">Distribue : </subfield>
    <subfield code="3">13981461</subfield>
    <subfield code="a">WEA-Club Culture</subfield>
  </datafield>
  <datafield tag="516" ind1=" " ind2=" ">
    <subfield code="5">z</subfield>
    <subfield code="0">Distribue : </subfield>
    <subfield code="3">13982678</subfield>
    <subfield code="a">Warner Bros-Nonesuch</subfield>
  </datafield>
  <datafield tag="516" ind1=" " ind2=" ">
    <subfield code="5">z</subfield>
    <subfield code="0">Distribue : </subfield>
    <subfield code="3">13954023</subfield>
    <subfield code="a">Sub Pop</subfield>
  </datafield>
  <datafield tag="516" ind1=" " ind2=" ">
    <subfield code="5">z</subfield>
    <subfield code="0">Distribue : </subfield>
    <subfield code="3">13982682</subfield>
    <subfield code="a">WEA-Warner Music Brasil</subfield>
  </datafield>
  <datafield tag="516" ind1=" " ind2=" ">
    <subfield code="5">z</subfield>
    <subfield code="0">Distribue : </subfield>
    <subfield code="3">13982766</subfield>
    <subfield code="a">Warner Bros-Malpaso</subfield>
  </datafield>
  <datafield tag="516" ind1=" " ind2=" ">
    <subfield code="5">z</subfield>
    <subfield code="0">A distribué : </subfield>
    <subfield code="3">13876369</subfield>
    <subfield code="7">ba0yba0y</subfield>
    <subfield code="8">fre   </subfield>
    <subfield code="a">Mega</subfield>
    <subfield code="c">Danemark</subfield>
  </datafield>
  <datafield tag="516" ind1=" " ind2=" ">
    <subfield code="5">z</subfield>
    <subfield code="0">Distribue : </subfield>
    <subfield code="3">13984393</subfield>
    <subfield code="a">Downbeat jungle</subfield>
  </datafield>
  <datafield tag="516" ind1=" " ind2=" ">
    <subfield code="5">z</subfield>
    <subfield code="0">Distribue : </subfield>
    <subfield code="3">13984524</subfield>
    <subfield code="a">Mega-Smart</subfield>
  </datafield>
  <datafield tag="516" ind1=" " ind2=" ">
    <subfield code="5">z</subfield>
    <subfield code="0">Distribue : </subfield>
    <subfield code="3">13984556</subfield>
    <subfield code="a">Warner Bros-NPG</subfield>
  </datafield>
  <datafield tag="516" ind1=" " ind2=" ">
    <subfield code="5">z</subfield>
    <subfield code="0">Distribue : </subfield>
    <subfield code="3">13984558</subfield>
    <subfield code="a">Elektra-Wu Tang</subfield>
  </datafield>
  <datafield tag="516" ind1=" " ind2=" ">
    <subfield code="5">z</subfield>
    <subfield code="0">Distribue : </subfield>
    <subfield code="3">13984560</subfield>
    <subfield code="a">WEA-Roslan Aziz</subfield>
  </datafield>
  <datafield tag="516" ind1=" " ind2=" ">
    <subfield code="5">z</subfield>
    <subfield code="0">Distribue : </subfield>
    <subfield code="3">13947179</subfield>
    <subfield code="a">Swe Mix</subfield>
  </datafield>
  <datafield tag="516" ind1=" " ind2=" ">
    <subfield code="5">z</subfield>
    <subfield code="0">Distribue : </subfield>
    <subfield code="3">13988568</subfield>
    <subfield code="a">New Jazz-Original Jazz Classics</subfield>
  </datafield>
  <datafield tag="516" ind1=" " ind2=" ">
    <subfield code="5">z</subfield>
    <subfield code="0">Distribue : </subfield>
    <subfield code="3">13988569</subfield>
    <subfield code="a">WEA-Eternal</subfield>
  </datafield>
  <datafield tag="516" ind1=" " ind2=" ">
    <subfield code="5">z</subfield>
    <subfield code="0">Distribue : </subfield>
    <subfield code="3">13988661</subfield>
    <subfield code="a">Dali</subfield>
  </datafield>
  <datafield tag="516" ind1=" " ind2=" ">
    <subfield code="5">z</subfield>
    <subfield code="0">Distribue : </subfield>
    <subfield code="3">13988662</subfield>
    <subfield code="a">Magneoton</subfield>
  </datafield>
  <datafield tag="516" ind1=" " ind2=" ">
    <subfield code="5">z</subfield>
    <subfield code="0">Distribue : </subfield>
    <subfield code="3">13988663</subfield>
    <subfield code="a">Red Hot-Kinetic</subfield>
  </datafield>
  <datafield tag="516" ind1=" " ind2=" ">
    <subfield code="5">z</subfield>
    <subfield code="0">Distribue : </subfield>
    <subfield code="3">13989573</subfield>
    <subfield code="a">Wea-Ferocious</subfield>
  </datafield>
  <datafield tag="516" ind1=" " ind2=" ">
    <subfield code="5">z</subfield>
    <subfield code="0">Distribue : </subfield>
    <subfield code="3">13989581</subfield>
    <subfield code="a">Premeditated</subfield>
  </datafield>
  <datafield tag="516" ind1=" " ind2=" ">
    <subfield code="5">z</subfield>
    <subfield code="0">Distribue : </subfield>
    <subfield code="3">13989603</subfield>
    <subfield code="a">Club Culture</subfield>
  </datafield>
  <datafield tag="516" ind1=" " ind2=" ">
    <subfield code="5">z</subfield>
    <subfield code="0">Distribue : </subfield>
    <subfield code="3">13989680</subfield>
    <subfield code="a">Stax-Enterprise</subfield>
  </datafield>
  <datafield tag="516" ind1=" " ind2=" ">
    <subfield code="5">z</subfield>
    <subfield code="0">Distribue : </subfield>
    <subfield code="3">13989739</subfield>
    <subfield code="a">Premeditated-Iceberg</subfield>
  </datafield>
  <datafield tag="516" ind1=" " ind2=" ">
    <subfield code="5">z</subfield>
    <subfield code="0">Distribue : </subfield>
    <subfield code="3">13948157</subfield>
    <subfield code="a">Wea-ufo</subfield>
  </datafield>
  <datafield tag="516" ind1=" " ind2=" ">
    <subfield code="5">z</subfield>
    <subfield code="0">Distribue : </subfield>
    <subfield code="3">13989747</subfield>
    <subfield code="a">Warner Bros-Curb</subfield>
  </datafield>
  <datafield tag="516" ind1=" " ind2=" ">
    <subfield code="5">z</subfield>
    <subfield code="0">Distribue : </subfield>
    <subfield code="3">13989779</subfield>
    <subfield code="a">France 3 Music</subfield>
  </datafield>
  <datafield tag="516" ind1=" " ind2=" ">
    <subfield code="5">z</subfield>
    <subfield code="0">Distribue : </subfield>
    <subfield code="3">13989933</subfield>
    <subfield code="a">Dig it international</subfield>
  </datafield>
  <datafield tag="516" ind1=" " ind2=" ">
    <subfield code="5">z</subfield>
    <subfield code="0">Distribue : </subfield>
    <subfield code="3">13991125</subfield>
    <subfield code="a">Elektra-Sire-Hifi</subfield>
  </datafield>
  <datafield tag="516" ind1=" " ind2=" ">
    <subfield code="5">z</subfield>
    <subfield code="0">Distribue : </subfield>
    <subfield code="3">13992107</subfield>
    <subfield code="a">Elektra-Violator-Flipmode</subfield>
  </datafield>
  <datafield tag="516" ind1=" " ind2=" ">
    <subfield code="5">z</subfield>
    <subfield code="0">Distribue : </subfield>
    <subfield code="3">13992160</subfield>
    <subfield code="a">Black music ol&apos;skool</subfield>
  </datafield>
  <datafield tag="516" ind1=" " ind2=" ">
    <subfield code="5">z</subfield>
    <subfield code="0">Distribue : </subfield>
    <subfield code="3">13992842</subfield>
    <subfield code="a">Umd</subfield>
  </datafield>
  <datafield tag="516" ind1=" " ind2=" ">
    <subfield code="5">z</subfield>
    <subfield code="0">Distribue : </subfield>
    <subfield code="3">13992885</subfield>
    <subfield code="a">WB-Tattoo</subfield>
  </datafield>
  <datafield tag="516" ind1=" " ind2=" ">
    <subfield code="5">z</subfield>
    <subfield code="0">Distribue : </subfield>
    <subfield code="3">13994200</subfield>
    <subfield code="a">Elektra-Marvelous</subfield>
  </datafield>
  <datafield tag="516" ind1=" " ind2=" ">
    <subfield code="5">z</subfield>
    <subfield code="0">Distribue : </subfield>
    <subfield code="3">13995678</subfield>
    <subfield code="a">WB-Quilombo</subfield>
  </datafield>
  <datafield tag="516" ind1=" " ind2=" ">
    <subfield code="5">z</subfield>
    <subfield code="0">Distribue : </subfield>
    <subfield code="3">13995679</subfield>
    <subfield code="a">Contemporary-Original Jazz Classics XXXXX</subfield>
  </datafield>
  <datafield tag="516" ind1=" " ind2=" ">
    <subfield code="5">z</subfield>
    <subfield code="0">Distribue : </subfield>
    <subfield code="3">13995681</subfield>
    <subfield code="a">Pablo Today-Original Jazz Classics</subfield>
  </datafield>
  <datafield tag="516" ind1=" " ind2=" ">
    <subfield code="5">z</subfield>
    <subfield code="0">Distribue : </subfield>
    <subfield code="3">13995687</subfield>
    <subfield code="a">Tag-Igloo</subfield>
  </datafield>
  <datafield tag="516" ind1=" " ind2=" ">
    <subfield code="5">z</subfield>
    <subfield code="0">Distribue : </subfield>
    <subfield code="3">13995692</subfield>
    <subfield code="a">Atlantic-Be!</subfield>
  </datafield>
  <datafield tag="516" ind1=" " ind2=" ">
    <subfield code="5">z</subfield>
    <subfield code="0">Distribue : </subfield>
    <subfield code="3">13996112</subfield>
    <subfield code="a">WEA-Downbeat</subfield>
  </datafield>
  <datafield tag="516" ind1=" " ind2=" ">
    <subfield code="5">z</subfield>
    <subfield code="0">Distribue : </subfield>
    <subfield code="3">13996119</subfield>
    <subfield code="a">Vapor</subfield>
  </datafield>
  <datafield tag="516" ind1=" " ind2=" ">
    <subfield code="5">z</subfield>
    <subfield code="0">Distribue : </subfield>
    <subfield code="3">13996120</subfield>
    <subfield code="a">WB-Black music-ol&apos;skool</subfield>
  </datafield>
  <datafield tag="516" ind1=" " ind2=" ">
    <subfield code="5">z</subfield>
    <subfield code="0">Distribue : </subfield>
    <subfield code="3">13996143</subfield>
    <subfield code="a">Different Drummer</subfield>
  </datafield>
  <datafield tag="516" ind1=" " ind2=" ">
    <subfield code="5">z</subfield>
    <subfield code="0">Distribue : </subfield>
    <subfield code="3">13998110</subfield>
    <subfield code="a">Warner Bros-Imago</subfield>
  </datafield>
  <datafield tag="516" ind1=" " ind2=" ">
    <subfield code="5">z</subfield>
    <subfield code="0">Distribue : </subfield>
    <subfield code="3">13998131</subfield>
    <subfield code="a">WEA-Swe Mix</subfield>
  </datafield>
  <datafield tag="516" ind1=" " ind2=" ">
    <subfield code="5">z</subfield>
    <subfield code="0">Distribue : </subfield>
    <subfield code="3">13999132</subfield>
    <subfield code="a">Face Value</subfield>
  </datafield>
  <datafield tag="516" ind1=" " ind2=" ">
    <subfield code="5">z</subfield>
    <subfield code="0">Distribue : </subfield>
    <subfield code="3">14001933</subfield>
    <subfield code="a">Eternal Blanco Y Negro</subfield>
  </datafield>
  <datafield tag="516" ind1=" " ind2=" ">
    <subfield code="5">z</subfield>
    <subfield code="0">Distribue : </subfield>
    <subfield code="3">14002440</subfield>
    <subfield code="a">Telegram</subfield>
  </datafield>
  <datafield tag="516" ind1=" " ind2=" ">
    <subfield code="5">z</subfield>
    <subfield code="0">Distribue : </subfield>
    <subfield code="3">14002473</subfield>
    <subfield code="a">Debut-Jazz workshop</subfield>
  </datafield>
  <datafield tag="516" ind1=" " ind2=" ">
    <subfield code="5">z</subfield>
    <subfield code="0">Distribue : </subfield>
    <subfield code="3">13925526</subfield>
    <subfield code="a">Starvision</subfield>
  </datafield>
  <datafield tag="516" ind1=" " ind2=" ">
    <subfield code="5">z</subfield>
    <subfield code="0">Distribue : </subfield>
    <subfield code="3">14002539</subfield>
    <subfield code="a">Eye of the storm</subfield>
  </datafield>
  <datafield tag="516" ind1=" " ind2=" ">
    <subfield code="5">z</subfield>
    <subfield code="0">Distribue : </subfield>
    <subfield code="3">13970581</subfield>
    <subfield code="a">Maad</subfield>
  </datafield>
  <datafield tag="516" ind1=" " ind2=" ">
    <subfield code="5">z</subfield>
    <subfield code="0">Distribue : </subfield>
    <subfield code="3">13999097</subfield>
    <subfield code="a">Warner Sunset</subfield>
  </datafield>
  <datafield tag="516" ind1=" " ind2=" ">
    <subfield code="5">z</subfield>
    <subfield code="0">Distribue : </subfield>
    <subfield code="3">14004689</subfield>
    <subfield code="a">Warner Bros-Sunset</subfield>
  </datafield>
  <datafield tag="516" ind1=" " ind2=" ">
    <subfield code="5">z</subfield>
    <subfield code="0">Distribue : </subfield>
    <subfield code="3">14006391</subfield>
    <subfield code="a">Warner Bros-Ra Records</subfield>
  </datafield>
  <datafield tag="516" ind1=" " ind2=" ">
    <subfield code="5">z</subfield>
    <subfield code="0">Distribue : </subfield>
    <subfield code="3">14010336</subfield>
    <subfield code="a">Carton rouge</subfield>
  </datafield>
  <datafield tag="516" ind1=" " ind2=" ">
    <subfield code="5">z</subfield>
    <subfield code="0">Distribue : </subfield>
    <subfield code="3">14012645</subfield>
    <subfield code="a">Indochina</subfield>
  </datafield>
  <datafield tag="516" ind1=" " ind2=" ">
    <subfield code="5">z</subfield>
    <subfield code="0">Distribue : </subfield>
    <subfield code="3">14012648</subfield>
    <subfield code="a">Erato Detour</subfield>
  </datafield>
  <datafield tag="516" ind1=" " ind2=" ">
    <subfield code="5">z</subfield>
    <subfield code="0">Distribue : </subfield>
    <subfield code="3">14013055</subfield>
    <subfield code="a">Filter</subfield>
  </datafield>
  <datafield tag="516" ind1=" " ind2=" ">
    <subfield code="5">z</subfield>
    <subfield code="0">Distribue : </subfield>
    <subfield code="3">14013559</subfield>
    <subfield code="a">Bruto</subfield>
  </datafield>
  <datafield tag="516" ind1=" " ind2=" ">
    <subfield code="5">z</subfield>
    <subfield code="0">Distribue : </subfield>
    <subfield code="3">14014759</subfield>
    <subfield code="a">Nlon</subfield>
  </datafield>
  <datafield tag="516" ind1=" " ind2=" ">
    <subfield code="5">z</subfield>
    <subfield code="0">Distribue : </subfield>
    <subfield code="3">13877105</subfield>
    <subfield code="a">Dorado</subfield>
  </datafield>
  <datafield tag="516" ind1=" " ind2=" ">
    <subfield code="5">z</subfield>
    <subfield code="0">Distribue : </subfield>
    <subfield code="3">14019994</subfield>
    <subfield code="a">Atrium</subfield>
  </datafield>
  <datafield tag="516" ind1=" " ind2=" ">
    <subfield code="5">z</subfield>
    <subfield code="0">Distribue : </subfield>
    <subfield code="3">14020954</subfield>
    <subfield code="a">Multiply</subfield>
  </datafield>
  <datafield tag="516" ind1=" " ind2=" ">
    <subfield code="5">z</subfield>
    <subfield code="0">Distribue : </subfield>
    <subfield code="3">14024366</subfield>
    <subfield code="a">Juste pour rire</subfield>
  </datafield>
  <datafield tag="516" ind1=" " ind2=" ">
    <subfield code="5">z</subfield>
    <subfield code="0">Distribue : </subfield>
    <subfield code="3">13877562</subfield>
    <subfield code="a">Stax</subfield>
  </datafield>
  <datafield tag="516" ind1=" " ind2=" ">
    <subfield code="5">z</subfield>
    <subfield code="0">Distribue : </subfield>
    <subfield code="3">13956055</subfield>
    <subfield code="a">Bluesville</subfield>
  </datafield>
  <datafield tag="516" ind1=" " ind2=" ">
    <subfield code="5">z</subfield>
    <subfield code="0">Distribue : </subfield>
    <subfield code="3">14025157</subfield>
    <subfield code="7">ba0yba0y</subfield>
    <subfield code="8">fre   </subfield>
    <subfield code="a">Warner Classics</subfield>
  </datafield>
  <datafield tag="516" ind1=" " ind2=" ">
    <subfield code="5">z</subfield>
    <subfield code="0">Distribue : </subfield>
    <subfield code="3">14026847</subfield>
    <subfield code="a">Violator</subfield>
  </datafield>
  <datafield tag="516" ind1=" " ind2=" ">
    <subfield code="5">z</subfield>
    <subfield code="0">Distribue : </subfield>
    <subfield code="3">14026904</subfield>
    <subfield code="a">Flashback</subfield>
  </datafield>
  <datafield tag="516" ind1=" " ind2=" ">
    <subfield code="5">z</subfield>
    <subfield code="0">Distribue : </subfield>
    <subfield code="3">14026929</subfield>
    <subfield code="a">Essential recordings</subfield>
  </datafield>
  <datafield tag="516" ind1=" " ind2=" ">
    <subfield code="5">z</subfield>
    <subfield code="0">Distribue : </subfield>
    <subfield code="3">14026945</subfield>
    <subfield code="a">Elektra-Squint</subfield>
  </datafield>
  <datafield tag="516" ind1=" " ind2=" ">
    <subfield code="5">z</subfield>
    <subfield code="0">Distribue : </subfield>
    <subfield code="3">14028033</subfield>
    <subfield code="a">BGP</subfield>
  </datafield>
  <datafield tag="516" ind1=" " ind2=" ">
    <subfield code="5">z</subfield>
    <subfield code="0">Distribue : </subfield>
    <subfield code="3">14028506</subfield>
    <subfield code="a">Ahí-Namá</subfield>
  </datafield>
  <datafield tag="516" ind1=" " ind2=" ">
    <subfield code="5">z</subfield>
    <subfield code="0">Distribue : </subfield>
    <subfield code="3">14029432</subfield>
    <subfield code="a">FutureFlex</subfield>
  </datafield>
  <datafield tag="516" ind1=" " ind2=" ">
    <subfield code="5">z</subfield>
    <subfield code="0">Distribue : </subfield>
    <subfield code="3">13877985</subfield>
    <subfield code="a">Vanguard</subfield>
  </datafield>
  <datafield tag="516" ind1=" " ind2=" ">
    <subfield code="5">z</subfield>
    <subfield code="0">Distribue : </subfield>
    <subfield code="3">14029597</subfield>
    <subfield code="a">Four faces communications</subfield>
  </datafield>
  <datafield tag="516" ind1=" " ind2=" ">
    <subfield code="5">z</subfield>
    <subfield code="0">Distribue : </subfield>
    <subfield code="3">14029598</subfield>
    <subfield code="a">Riverside-Fantasy</subfield>
  </datafield>
  <datafield tag="516" ind1=" " ind2=" ">
    <subfield code="5">z</subfield>
    <subfield code="0">Distribue : </subfield>
    <subfield code="3">14029600</subfield>
    <subfield code="a">Prestige-Fantasy</subfield>
  </datafield>
  <datafield tag="516" ind1=" " ind2=" ">
    <subfield code="5">z</subfield>
    <subfield code="0">Distribue : </subfield>
    <subfield code="3">14029601</subfield>
    <subfield code="a">Pablo-Prestige</subfield>
  </datafield>
  <datafield tag="516" ind1=" " ind2=" ">
    <subfield code="5">z</subfield>
    <subfield code="0">Distribue : </subfield>
    <subfield code="3">14031550</subfield>
    <subfield code="a">Swingville</subfield>
  </datafield>
  <datafield tag="516" ind1=" " ind2=" ">
    <subfield code="5">z</subfield>
    <subfield code="0">Distribue : </subfield>
    <subfield code="3">14033407</subfield>
    <subfield code="a">Eternal-4 play</subfield>
  </datafield>
  <datafield tag="516" ind1=" " ind2=" ">
    <subfield code="5">z</subfield>
    <subfield code="0">Distribue : </subfield>
    <subfield code="3">14025963</subfield>
    <subfield code="a">Rythmix</subfield>
  </datafield>
  <datafield tag="516" ind1=" " ind2=" ">
    <subfield code="5">z</subfield>
    <subfield code="0">Distribue : </subfield>
    <subfield code="3">14033493</subfield>
    <subfield code="a">360 records-WEA</subfield>
  </datafield>
  <datafield tag="516" ind1=" " ind2=" ">
    <subfield code="5">z</subfield>
    <subfield code="0">Distribue : </subfield>
    <subfield code="3">14033496</subfield>
    <subfield code="a">Milkk records-WEA</subfield>
  </datafield>
  <datafield tag="516" ind1=" " ind2=" ">
    <subfield code="5">z</subfield>
    <subfield code="0">Distribue : </subfield>
    <subfield code="3">14033509</subfield>
    <subfield code="a">Warner Sunset-Atlantic</subfield>
  </datafield>
  <datafield tag="516" ind1=" " ind2=" ">
    <subfield code="5">z</subfield>
    <subfield code="0">Distribue : </subfield>
    <subfield code="3">14033597</subfield>
    <subfield code="a">Deep culture-Vivienne records</subfield>
  </datafield>
  <datafield tag="516" ind1=" " ind2=" ">
    <subfield code="5">z</subfield>
    <subfield code="0">Distribue : </subfield>
    <subfield code="3">14034683</subfield>
    <subfield code="a">Ffrr-Public demand</subfield>
  </datafield>
  <datafield tag="516" ind1=" " ind2=" ">
    <subfield code="5">z</subfield>
    <subfield code="0">Distribue : </subfield>
    <subfield code="3">14034693</subfield>
    <subfield code="a">Libertine-East West</subfield>
  </datafield>
  <datafield tag="801" ind1=" " ind2=" ">
    <subfield code="a">FR</subfield>
    <subfield code="b">FR-751131015</subfield>
    <subfield code="c">20181030</subfield>
  </datafield>
  <datafield tag="810" ind1=" " ind2=" ">
    <subfield code="a">Musique info hebdo, n °155, 2001-02-16</subfield>
  </datafield>
  <datafield tag="856" ind1=" " ind2=" ">
    <subfield code="u">http://www.warnermusic.fr</subfield>
    <subfield code="e">2017-03-30</subfield>
  </datafield>
</record>