
<record format="UNIMARC" type="Authority">
  <leader>00605cx  a2200205   4500</leader>
  <controlfield tag="001">FRBNF119124422</controlfield>
  <controlfield tag="003">http://catalogue.bnf.fr/ark:/12148/cb11912442k</controlfield>
  <controlfield tag="005">19891228</controlfield>
  <datafield tag="010" ind1=" " ind2=" ">
    <subfield code="a">0000000110320540</subfield>
    <subfield code="2">VIAF</subfield>
    <subfield code="d">20130724</subfield>
  </datafield>
  <datafield tag="039" ind1=" " ind2=" ">
    <subfield code="o">OPL</subfield>
    <subfield code="a">001024495</subfield>
  </datafield>
  <datafield tag="100" ind1=" " ind2=" ">
    <subfield code="a">19770621afrey50      ba0</subfield>
  </datafield>
  <datafield tag="101" ind1=" " ind2=" ">
    <subfield code="a">fre</subfield>
  </datafield>
  <datafield tag="102" ind1=" " ind2=" ">
    <subfield code="a">FR</subfield>
  </datafield>
  <datafield tag="103" ind1=" " ind2=" ">
    <subfield code="a"> 1946</subfield>
  </datafield>
  <datafield tag="105" ind1=" " ind2=" ">
    <subfield code="a">a</subfield>
  </datafield>
  <datafield tag="106" ind1=" " ind2=" ">
    <subfield code="a">1</subfield>
  </datafield>
  <datafield tag="200" ind1=" " ind2=" ">
    <subfield code="7">ba0yba0y</subfield>
    <subfield code="8">fre   </subfield>
    <subfield code="9"> 0 </subfield>
    <subfield code="a">Lenne</subfield>
    <subfield code="b">Gérard</subfield>
    <subfield code="f">1946-....</subfield>
  </datafield>
  <datafield tag="300" ind1="0" ind2=" ">
    <subfield code="a">Critique de cinéma</subfield>
  </datafield>
  <datafield tag="801" ind1=" " ind2=" ">
    <subfield code="a">FR</subfield>
    <subfield code="b">FR-751131015</subfield>
    <subfield code="c">19891228</subfield>
  </datafield>
  <datafield tag="810" ind1=" " ind2=" ">
    <subfield code="a">Blake, Jacobs et Mortimer / G. Lenne, 1988</subfield>
    <subfield code="a">Histoires du cinéma fantastique / G. Lenne, 1989</subfield>
  </datafield>
</record>