
<record format="UNIMARC" type="Authority">
  <leader>00703cx  a2200217   4500</leader>
  <controlfield tag="001">FRBNF148943855</controlfield>
  <controlfield tag="003">http://catalogue.bnf.fr/ark:/12148/cb14894385z</controlfield>
  <controlfield tag="005">20070326</controlfield>
  <datafield tag="010" ind1=" " ind2=" ">
    <subfield code="a">0000000003528725</subfield>
    <subfield code="2">VIAF</subfield>
    <subfield code="d">20130802</subfield>
  </datafield>
  <datafield tag="100" ind1=" " ind2=" ">
    <subfield code="a">20061016afrey50      ba0</subfield>
  </datafield>
  <datafield tag="102" ind1=" " ind2=" ">
    <subfield code="a">FR</subfield>
  </datafield>
  <datafield tag="103" ind1=" " ind2=" ">
    <subfield code="a"> 19..</subfield>
  </datafield>
  <datafield tag="105" ind1=" " ind2=" ">
    <subfield code="a">a</subfield>
  </datafield>
  <datafield tag="106" ind1=" " ind2=" ">
    <subfield code="a">1</subfield>
  </datafield>
  <datafield tag="120" ind1=" " ind2=" ">
    <subfield code="a">b</subfield>
  </datafield>
  <datafield tag="200" ind1=" " ind2=" ">
    <subfield code="7">ba0yba0y</subfield>
    <subfield code="8">fre   </subfield>
    <subfield code="9"> 0 </subfield>
    <subfield code="a">Gauriat</subfield>
    <subfield code="b">Vincent</subfield>
  </datafield>
  <datafield tag="300" ind1="0" ind2=" ">
    <subfield code="a">Graphiste</subfield>
  </datafield>
  <datafield tag="801" ind1=" " ind2=" ">
    <subfield code="a">FR</subfield>
    <subfield code="b">FR-751131015</subfield>
    <subfield code="c">20070326</subfield>
  </datafield>
  <datafield tag="810" ind1=" " ind2=" ">
    <subfield code="a">Le faisan d&apos;or, un film de Marat Sarulu [Image fixe] : [affiche] / Vincent Gauriat, 2003</subfield>
  </datafield>
  <datafield tag="810" ind1=" " ind2=" ">
    <subfield code="a">Vincent Gauriat Portfolio - http://www.vgauriat.com/index.html (2007-02-08)</subfield>
  </datafield>
  <datafield tag="856" ind1=" " ind2=" ">
    <subfield code="u">http://www.vgauriat.com/index.html</subfield>
    <subfield code="e">2007-02-08</subfield>
  </datafield>
</record>