
<record format="UNIMARC" type="Authority">
  <leader>00658cx  a2200193   4500</leader>
  <controlfield tag="001">FRBNF142236392</controlfield>
  <controlfield tag="003">http://catalogue.bnf.fr/ark:/12148/cb14223639w</controlfield>
  <controlfield tag="005">20090525</controlfield>
  <datafield tag="010" ind1=" " ind2=" ">
    <subfield code="a">0000000060232891</subfield>
    <subfield code="2">VIAF</subfield>
    <subfield code="d">20130801</subfield>
  </datafield>
  <datafield tag="100" ind1=" " ind2=" ">
    <subfield code="a">20030310afrey50      ba0</subfield>
  </datafield>
  <datafield tag="102" ind1=" " ind2=" ">
    <subfield code="a">FR</subfield>
  </datafield>
  <datafield tag="103" ind1=" " ind2=" ">
    <subfield code="a"> 19..</subfield>
  </datafield>
  <datafield tag="105" ind1=" " ind2=" ">
    <subfield code="a">i</subfield>
  </datafield>
  <datafield tag="106" ind1=" " ind2=" ">
    <subfield code="a">1</subfield>
  </datafield>
  <datafield tag="120" ind1=" " ind2=" ">
    <subfield code="a">b</subfield>
  </datafield>
  <datafield tag="200" ind1=" " ind2=" ">
    <subfield code="7">ba0yba0y</subfield>
    <subfield code="8">fre   </subfield>
    <subfield code="9"> 0 </subfield>
    <subfield code="a">Saint-Père</subfield>
    <subfield code="b">Arnaud</subfield>
  </datafield>
  <datafield tag="300" ind1="0" ind2=" ">
    <subfield code="a">Comédien</subfield>
  </datafield>
  <datafield tag="801" ind1=" " ind2=" ">
    <subfield code="a">FR</subfield>
    <subfield code="b">FR-751131015</subfield>
    <subfield code="c">20090525</subfield>
  </datafield>
  <datafield tag="810" ind1=" " ind2=" ">
    <subfield code="a">Dracula [Enregistrement sonore] / Bram Stocker, aut. ; Arnaud Saint-Pères. Livraphone</subfield>
    <subfield code="a">Dracula [Enregistrement sonore] / Bram Stocker, aut. ; Arnaud Saint Père. Livraphone LIV 207M (2009-05-25)</subfield>
  </datafield>
</record>