
<record format="UNIMARC" type="Authority">
  <leader>00831cx  a2200217   4500</leader>
  <controlfield tag="001">FRBNF139382946</controlfield>
  <controlfield tag="003">http://catalogue.bnf.fr/ark:/12148/cb13938294d</controlfield>
  <controlfield tag="005">20131228</controlfield>
  <datafield tag="010" ind1=" " ind2=" ">
    <subfield code="a">0000000001460261</subfield>
    <subfield code="2">VIAF</subfield>
    <subfield code="d">20130731</subfield>
  </datafield>
  <datafield tag="100" ind1=" " ind2=" ">
    <subfield code="a">19910528afrey50      ba0</subfield>
  </datafield>
  <datafield tag="102" ind1=" " ind2=" ">
    <subfield code="a">FR</subfield>
  </datafield>
  <datafield tag="103" ind1=" " ind2=" ">
    <subfield code="a"> 19..</subfield>
  </datafield>
  <datafield tag="105" ind1=" " ind2=" ">
    <subfield code="a">i</subfield>
  </datafield>
  <datafield tag="106" ind1=" " ind2=" ">
    <subfield code="a">1</subfield>
  </datafield>
  <datafield tag="120" ind1=" " ind2=" ">
    <subfield code="a">b</subfield>
  </datafield>
  <datafield tag="200" ind1=" " ind2=" ">
    <subfield code="7">ba0yba0y</subfield>
    <subfield code="8">fre   </subfield>
    <subfield code="9"> 0 </subfield>
    <subfield code="a">Rey</subfield>
    <subfield code="b">Jean Claude</subfield>
    <subfield code="f">19..-....</subfield>
    <subfield code="c">acteur</subfield>
  </datafield>
  <datafield tag="300" ind1="0" ind2=" ">
    <subfield code="a">Acteur, journaliste et speaker. - Responsable de production dans le film &quot;Les Misérables&quot; de Robert Hossein (1985)</subfield>
  </datafield>
  <datafield tag="801" ind1=" " ind2=" ">
    <subfield code="a">FR</subfield>
    <subfield code="b">FR-751131015</subfield>
    <subfield code="c">20131228</subfield>
  </datafield>
  <datafield tag="810" ind1=" " ind2=" ">
    <subfield code="a">Un été indien [Enregistrement sonore] / Truman Capote ; lu par Jean-Claude Rey. Frémeaux FA 80394</subfield>
  </datafield>
  <datafield tag="810" ind1=" " ind2=" ">
    <subfield code="a">Internet movie data base - http://french.imdb.com/Nsearch (2004-04-15)</subfield>
  </datafield>
  <datafield tag="856" ind1=" " ind2=" ">
    <subfield code="u">http://french.imdb.com/Nsearch</subfield>
    <subfield code="e">2004-04-15</subfield>
  </datafield>
</record>