
<record format="UNIMARC" type="Authority">
  <leader>00761cx  a2200229   4500</leader>
  <controlfield tag="001">FRBNF141713403</controlfield>
  <controlfield tag="003">http://catalogue.bnf.fr/ark:/12148/cb14171340n</controlfield>
  <controlfield tag="005">20091201</controlfield>
  <datafield tag="010" ind1=" " ind2=" ">
    <subfield code="a">0000000072727189</subfield>
    <subfield code="2">VIAF</subfield>
    <subfield code="d">20130801</subfield>
  </datafield>
  <datafield tag="100" ind1=" " ind2=" ">
    <subfield code="a">20030310afrey50      ba0</subfield>
  </datafield>
  <datafield tag="101" ind1=" " ind2=" ">
    <subfield code="a">fre</subfield>
  </datafield>
  <datafield tag="102" ind1=" " ind2=" ">
    <subfield code="a">FR</subfield>
  </datafield>
  <datafield tag="103" ind1=" " ind2=" ">
    <subfield code="a"> 19611124</subfield>
  </datafield>
  <datafield tag="105" ind1=" " ind2=" ">
    <subfield code="a">i</subfield>
  </datafield>
  <datafield tag="106" ind1=" " ind2=" ">
    <subfield code="a">1</subfield>
  </datafield>
  <datafield tag="120" ind1=" " ind2=" ">
    <subfield code="a">b</subfield>
  </datafield>
  <datafield tag="200" ind1=" " ind2=" ">
    <subfield code="7">ba0yba0y</subfield>
    <subfield code="8">fre   </subfield>
    <subfield code="9"> 0 </subfield>
    <subfield code="a">Dessaux</subfield>
    <subfield code="b">Alexis</subfield>
    <subfield code="f">1961-....</subfield>
  </datafield>
  <datafield tag="300" ind1="0" ind2=" ">
    <subfield code="a">Comédien</subfield>
  </datafield>
  <datafield tag="801" ind1=" " ind2=" ">
    <subfield code="a">FR</subfield>
    <subfield code="b">FR-751131015</subfield>
    <subfield code="c">20091201</subfield>
  </datafield>
  <datafield tag="810" ind1=" " ind2=" ">
    <subfield code="a">S&apos;organiser pour réussir [Enregistrement sonore] / David Allen, aut. ; lu par Alexis Desseaux. Audiolib 25 0124 5</subfield>
  </datafield>
  <datafield tag="810" ind1=" " ind2=" ">
    <subfield code="a">Alexis Dessau - http://www.alexisdesseaux.net/site.html (2009-11-26)</subfield>
  </datafield>
  <datafield tag="856" ind1=" " ind2=" ">
    <subfield code="u">http://www.alexisdesseaux.net/site.html</subfield>
    <subfield code="e">2009-11-26</subfield>
  </datafield>
</record>