
<record format="UNIMARC" type="Authority">
  <leader>01209cx  a2200301   4500</leader>
  <controlfield tag="001">FRBNF140012577</controlfield>
  <controlfield tag="003">http://catalogue.bnf.fr/ark:/12148/cb14001257g</controlfield>
  <controlfield tag="005">20110309</controlfield>
  <datafield tag="010" ind1=" " ind2=" ">
    <subfield code="a">0000000110447015</subfield>
    <subfield code="2">VIAF</subfield>
    <subfield code="d">20130801</subfield>
  </datafield>
  <datafield tag="039" ind1=" " ind2=" ">
    <subfield code="o">OPP</subfield>
    <subfield code="a">14679781</subfield>
    <subfield code="d">20070326</subfield>
  </datafield>
  <datafield tag="100" ind1=" " ind2=" ">
    <subfield code="a">19970429afrey50      ba0</subfield>
  </datafield>
  <datafield tag="102" ind1=" " ind2=" ">
    <subfield code="a">GB</subfield>
  </datafield>
  <datafield tag="103" ind1=" " ind2=" ">
    <subfield code="a"> 19171222  20070317</subfield>
  </datafield>
  <datafield tag="105" ind1=" " ind2=" ">
    <subfield code="a">a</subfield>
    <subfield code="a">c</subfield>
  </datafield>
  <datafield tag="106" ind1=" " ind2=" ">
    <subfield code="a">010</subfield>
  </datafield>
  <datafield tag="120" ind1=" " ind2=" ">
    <subfield code="a">b</subfield>
  </datafield>
  <datafield tag="152" ind1=" " ind2=" ">
    <subfield code="c">2</subfield>
  </datafield>
  <datafield tag="200" ind1=" " ind2=" ">
    <subfield code="7">ba0yba0y</subfield>
    <subfield code="8">fre   </subfield>
    <subfield code="9"> 0 </subfield>
    <subfield code="a">Francis</subfield>
    <subfield code="b">Freddie</subfield>
    <subfield code="f">1917-2007</subfield>
  </datafield>
  <datafield tag="300" ind1=" " ind2=" ">
    <subfield code="a">Opérateur et réalisateur de films fantastiques et d&apos;horreurs.</subfield>
  </datafield>
  <datafield tag="530" ind1=" " ind2=" ">
    <subfield code="5">z</subfield>
    <subfield code="0">Réalisateur de : </subfield>
    <subfield code="3">17940347</subfield>
    <subfield code="a">The doctor and the devils (film)</subfield>
  </datafield>
  <datafield tag="530" ind1=" " ind2=" ">
    <subfield code="5">z</subfield>
    <subfield code="0">Réalisateur de : </subfield>
    <subfield code="3">17908767</subfield>
    <subfield code="a">The evil of Frankenstein (film)</subfield>
  </datafield>
  <datafield tag="530" ind1=" " ind2=" ">
    <subfield code="5">z</subfield>
    <subfield code="0">Réalisateur de : </subfield>
    <subfield code="3">17133705</subfield>
    <subfield code="a">The skull (film)</subfield>
  </datafield>
  <datafield tag="530" ind1=" " ind2=" ">
    <subfield code="5">z</subfield>
    <subfield code="0">Réalisateur de : </subfield>
    <subfield code="3">16472893</subfield>
    <subfield code="a">Dracula has risen from the grave (film)</subfield>
  </datafield>
  <datafield tag="530" ind1=" " ind2=" ">
    <subfield code="5">z</subfield>
    <subfield code="0">Réalisateur de : </subfield>
    <subfield code="3">16462149</subfield>
    <subfield code="a">The Ghoul (film)</subfield>
  </datafield>
  <datafield tag="530" ind1=" " ind2=" ">
    <subfield code="5">z</subfield>
    <subfield code="0">Réalisateur de : </subfield>
    <subfield code="3">16460944</subfield>
    <subfield code="a">Nightmare (film ; 1964)</subfield>
  </datafield>
  <datafield tag="530" ind1=" " ind2=" ">
    <subfield code="5">z</subfield>
    <subfield code="0">Réalisateur de : </subfield>
    <subfield code="3">16457331</subfield>
    <subfield code="a">The Psychopath (film)</subfield>
  </datafield>
  <datafield tag="801" ind1=" " ind2=" ">
    <subfield code="a">FR</subfield>
    <subfield code="b">FR-751131015</subfield>
    <subfield code="c">20110309</subfield>
  </datafield>
  <datafield tag="810" ind1=" " ind2=" ">
    <subfield code="a">Dict. du cinéma. T1 / Jean Tulard, 1982</subfield>
    <subfield code="a">Monde, 2007-03-24</subfield>
  </datafield>
</record>