
<record format="UNIMARC" type="Authority">
  <leader>00647cx  a2200217   4500</leader>
  <controlfield tag="001">FRBNF126262854</controlfield>
  <controlfield tag="003">http://catalogue.bnf.fr/ark:/12148/cb126262853</controlfield>
  <controlfield tag="005">20041028</controlfield>
  <datafield tag="010" ind1=" " ind2=" ">
    <subfield code="a">0000000008916874</subfield>
    <subfield code="2">VIAF</subfield>
    <subfield code="d">20130729</subfield>
  </datafield>
  <datafield tag="039" ind1=" " ind2=" ">
    <subfield code="o">OPL</subfield>
    <subfield code="a">001131230</subfield>
  </datafield>
  <datafield tag="100" ind1=" " ind2=" ">
    <subfield code="a">19750916afrey50      ba0</subfield>
  </datafield>
  <datafield tag="101" ind1=" " ind2=" ">
    <subfield code="a">fre</subfield>
    <subfield code="t">eng</subfield>
  </datafield>
  <datafield tag="102" ind1=" " ind2=" ">
    <subfield code="a">FR</subfield>
  </datafield>
  <datafield tag="105" ind1=" " ind2=" ">
    <subfield code="a">a</subfield>
  </datafield>
  <datafield tag="106" ind1=" " ind2=" ">
    <subfield code="a">1</subfield>
  </datafield>
  <datafield tag="120" ind1=" " ind2=" ">
    <subfield code="a">a</subfield>
  </datafield>
  <datafield tag="200" ind1=" " ind2=" ">
    <subfield code="7">ba0yba0y</subfield>
    <subfield code="8">fre   </subfield>
    <subfield code="9"> 0 </subfield>
    <subfield code="a">Molitor</subfield>
    <subfield code="b">Lucienne</subfield>
  </datafield>
  <datafield tag="300" ind1="0" ind2=" ">
    <subfield code="a">Traductrice</subfield>
  </datafield>
  <datafield tag="801" ind1=" " ind2=" ">
    <subfield code="a">FR</subfield>
    <subfield code="b">FR-751131015</subfield>
    <subfield code="c">20041028</subfield>
  </datafield>
  <datafield tag="810" ind1=" " ind2=" ">
    <subfield code="a">La Lettre écarlate / Nathaniel Hawthorne; trad. de l&apos;anglais par Lucienne Molitor, 1958</subfield>
  </datafield>
  <datafield tag="810" ind1=" " ind2=" ">
    <subfield code="a">BN Cat. gén. suppl.</subfield>
    <subfield code="a">BN Cat. gén. 1960-1969</subfield>
  </datafield>
</record>