
<record format="UNIMARC" type="Authority">
  <leader>00885cx  b2200241   4500</leader>
  <controlfield tag="001">FRBNF13979881X</controlfield>
  <controlfield tag="003">http://catalogue.bnf.fr/ark:/12148/cb13979881s</controlfield>
  <controlfield tag="005">20200113</controlfield>
  <datafield tag="010" ind1=" " ind2=" ">
    <subfield code="a">0000000121939138</subfield>
    <subfield code="2">ISNI</subfield>
    <subfield code="d">20150313</subfield>
  </datafield>
  <datafield tag="100" ind1=" " ind2=" ">
    <subfield code="a">19950818afrey50      ba0</subfield>
  </datafield>
  <datafield tag="102" ind1=" " ind2=" ">
    <subfield code="a">FR</subfield>
  </datafield>
  <datafield tag="103" ind1=" " ind2=" ">
    <subfield code="a"> 1990</subfield>
  </datafield>
  <datafield tag="105" ind1=" " ind2=" ">
    <subfield code="c">e</subfield>
    <subfield code="c">a</subfield>
    <subfield code="d">h</subfield>
    <subfield code="c">s</subfield>
    <subfield code="c">p</subfield>
  </datafield>
  <datafield tag="106" ind1=" " ind2=" ">
    <subfield code="a">010</subfield>
  </datafield>
  <datafield tag="150" ind1=" " ind2=" ">
    <subfield code="a">y</subfield>
    <subfield code="b">c9</subfield>
  </datafield>
  <datafield tag="210" ind1=" " ind2=" ">
    <subfield code="7">ba0yba0y</subfield>
    <subfield code="8">fre   </subfield>
    <subfield code="9">20 </subfield>
    <subfield code="a">Studio Canal plus</subfield>
  </datafield>
  <datafield tag="303" ind1=" " ind2=" ">
    <subfield code="a">17 rue Dumont d&apos;Urville, 75116 Paris</subfield>
  </datafield>
  <datafield tag="410" ind1=" " ind2=" ">
    <subfield code="7">ba0yba0y</subfield>
    <subfield code="8">fre   </subfield>
    <subfield code="a">Studio Canal +</subfield>
  </datafield>
  <datafield tag="686" ind1=" " ind2=" ">
    <subfield code="a">790</subfield>
    <subfield code="c">Spectacles et loisirs (généralités)</subfield>
    <subfield code="2">Note de regroupement par domaine</subfield>
  </datafield>
  <datafield tag="801" ind1=" " ind2=" ">
    <subfield code="a">FR</subfield>
    <subfield code="b">FR-751131015</subfield>
    <subfield code="c">20200113</subfield>
  </datafield>
  <datafield tag="810" ind1=" " ind2=" ">
    <subfield code="a">Mass producing European cinema : Studiocanal and its works / Christopher Meir, 2019</subfield>
  </datafield>
  <datafield tag="810" ind1=" " ind2=" ">
    <subfield code="a">Wikipedia - https://fr.wikipedia.org/wiki/Studiocanal (2020-02-13)</subfield>
  </datafield>
  <datafield tag="856" ind1=" " ind2=" ">
    <subfield code="u">https://fr.wikipedia.org/wiki/Studiocanal</subfield>
    <subfield code="e">2020-02-13</subfield>
  </datafield>
</record>