
<record format="UNIMARC" type="Authority">
  <leader>00765cx  a2200253   4500</leader>
  <controlfield tag="001">FRBNF138914182</controlfield>
  <controlfield tag="003">http://catalogue.bnf.fr/ark:/12148/cb138914187</controlfield>
  <controlfield tag="005">20220325</controlfield>
  <datafield tag="010" ind1=" " ind2=" ">
    <subfield code="a">0000000116043011</subfield>
    <subfield code="2">VIAF</subfield>
    <subfield code="d">20130731</subfield>
  </datafield>
  <datafield tag="100" ind1=" " ind2=" ">
    <subfield code="a">19890601afrey50      ba0</subfield>
  </datafield>
  <datafield tag="101" ind1=" " ind2=" ">
    <subfield code="a">eng</subfield>
  </datafield>
  <datafield tag="102" ind1=" " ind2=" ">
    <subfield code="a">GB</subfield>
  </datafield>
  <datafield tag="103" ind1=" " ind2=" ">
    <subfield code="a"> 19250920  20010709</subfield>
  </datafield>
  <datafield tag="105" ind1=" " ind2=" ">
    <subfield code="a">a</subfield>
  </datafield>
  <datafield tag="106" ind1=" " ind2=" ">
    <subfield code="a">010</subfield>
  </datafield>
  <datafield tag="120" ind1=" " ind2=" ">
    <subfield code="a">b</subfield>
  </datafield>
  <datafield tag="152" ind1=" " ind2=" ">
    <subfield code="c">2</subfield>
  </datafield>
  <datafield tag="200" ind1=" " ind2=" ">
    <subfield code="7">ba0yba0y</subfield>
    <subfield code="8">fre   </subfield>
    <subfield code="9"> 0 </subfield>
    <subfield code="a">Bernard</subfield>
    <subfield code="b">James</subfield>
    <subfield code="f">1925-2001</subfield>
  </datafield>
  <datafield tag="300" ind1=" " ind2=" ">
    <subfield code="a">Compositeur de musique de film</subfield>
  </datafield>
  <datafield tag="301" ind1=" " ind2=" ">
    <subfield code="a">Londres (GB)</subfield>
  </datafield>
  <datafield tag="686" ind1=" " ind2=" ">
    <subfield code="a">780</subfield>
    <subfield code="c">Musique</subfield>
    <subfield code="2">Note de regroupement par domaine</subfield>
  </datafield>
  <datafield tag="801" ind1=" " ind2=" ">
    <subfield code="a">FR</subfield>
    <subfield code="b">FR-751131015</subfield>
    <subfield code="c">20220325</subfield>
  </datafield>
  <datafield tag="810" ind1=" " ind2=" ">
    <subfield code="a">James Bernard, composer to count Dracula : a critical biography / David Huckvale, 2006</subfield>
  </datafield>
  <datafield tag="810" ind1=" " ind2=" ">
    <subfield code="a">Film composers guide, 1994</subfield>
  </datafield>
</record>