
<record format="UNIMARC" type="Authority">
  <leader>00942cx  a2200205   4500</leader>
  <controlfield tag="001">FRBNF144730272</controlfield>
  <controlfield tag="003">http://catalogue.bnf.fr/ark:/12148/cb14473027m</controlfield>
  <controlfield tag="005">20130801</controlfield>
  <datafield tag="010" ind1=" " ind2=" ">
    <subfield code="a">0000000383167553</subfield>
    <subfield code="2">ISNI</subfield>
    <subfield code="d">20150313</subfield>
  </datafield>
  <datafield tag="100" ind1=" " ind2=" ">
    <subfield code="a">20030516afrey50      ba0</subfield>
  </datafield>
  <datafield tag="101" ind1=" " ind2=" ">
    <subfield code="a">fre</subfield>
  </datafield>
  <datafield tag="102" ind1=" " ind2=" ">
    <subfield code="a">FR</subfield>
  </datafield>
  <datafield tag="103" ind1=" " ind2=" ">
    <subfield code="a"> 19750628</subfield>
  </datafield>
  <datafield tag="105" ind1=" " ind2=" ">
    <subfield code="a">a</subfield>
  </datafield>
  <datafield tag="106" ind1=" " ind2=" ">
    <subfield code="a">1</subfield>
  </datafield>
  <datafield tag="120" ind1=" " ind2=" ">
    <subfield code="a">a</subfield>
  </datafield>
  <datafield tag="200" ind1=" " ind2=" ">
    <subfield code="7">ba0yba0y</subfield>
    <subfield code="8">fre   </subfield>
    <subfield code="9"> 0 </subfield>
    <subfield code="a">Langenhagen</subfield>
    <subfield code="b">Marie-Aude de</subfield>
    <subfield code="f">1975-....</subfield>
  </datafield>
  <datafield tag="300" ind1="0" ind2=" ">
    <subfield code="a">Normalienne et agrégée de lettres modernes. - Professeur au Lycée François Couperin de Fontainebleau, Seine-et-Marne (en 2004). - Enseignante en classes préparatoires au lycée la Martinière Montplaisir à Lyon (en 210)</subfield>
  </datafield>
  <datafield tag="801" ind1=" " ind2=" ">
    <subfield code="a">FR</subfield>
    <subfield code="b">FR-751131015</subfield>
    <subfield code="c">20130801</subfield>
  </datafield>
  <datafield tag="810" ind1=" " ind2=" ">
    <subfield code="a">La controverse de Valladolid / Jean-Claude Carrière ; présentation, notes, chronologie et dossier par Anne Cassou-Noguès et Marie-Aude de Langenhagen, 2003</subfield>
    <subfield code="a">Racine / Anne Cassou-Noguès, Marie-Aude de Langenhagen, 2004</subfield>
  </datafield>
</record>