
<record format="UNIMARC" type="Authority">
  <leader>00723cx  a2200229   4500</leader>
  <controlfield tag="001">FRBNF119164025</controlfield>
  <controlfield tag="003">http://catalogue.bnf.fr/ark:/12148/cb119164029</controlfield>
  <controlfield tag="005">20150504</controlfield>
  <datafield tag="010" ind1=" " ind2=" ">
    <subfield code="a">000000012122217X</subfield>
    <subfield code="2">VIAF</subfield>
    <subfield code="d">20131024</subfield>
  </datafield>
  <datafield tag="039" ind1=" " ind2=" ">
    <subfield code="o">OPL</subfield>
    <subfield code="a">001130388</subfield>
  </datafield>
  <datafield tag="039" ind1=" " ind2=" ">
    <subfield code="o">OPP</subfield>
    <subfield code="a">16817579</subfield>
    <subfield code="d">20150504</subfield>
  </datafield>
  <datafield tag="100" ind1=" " ind2=" ">
    <subfield code="a">19771108afrey50      ba0</subfield>
  </datafield>
  <datafield tag="101" ind1=" " ind2=" ">
    <subfield code="a">fre</subfield>
    <subfield code="t">ger</subfield>
    <subfield code="t">eng</subfield>
  </datafield>
  <datafield tag="102" ind1=" " ind2=" ">
    <subfield code="a">FR</subfield>
  </datafield>
  <datafield tag="103" ind1=" " ind2=" ">
    <subfield code="a"> 19421215</subfield>
  </datafield>
  <datafield tag="105" ind1=" " ind2=" ">
    <subfield code="a">a</subfield>
    <subfield code="a">i</subfield>
  </datafield>
  <datafield tag="106" ind1=" " ind2=" ">
    <subfield code="a">1</subfield>
  </datafield>
  <datafield tag="200" ind1=" " ind2=" ">
    <subfield code="7">ba0yba0y</subfield>
    <subfield code="8">fre   </subfield>
    <subfield code="9"> 0 </subfield>
    <subfield code="a">Moissard</subfield>
    <subfield code="b">Boris</subfield>
    <subfield code="f">1942-....</subfield>
  </datafield>
  <datafield tag="300" ind1="0" ind2=" ">
    <subfield code="a">Ecrivain, traducteur. - Pseudonyme de Jean-Jacques Ably</subfield>
  </datafield>
  <datafield tag="801" ind1=" " ind2=" ">
    <subfield code="a">FR</subfield>
    <subfield code="b">FR-751131015</subfield>
    <subfield code="c">20150504</subfield>
  </datafield>
  <datafield tag="810" ind1=" " ind2=" ">
    <subfield code="a">L&apos;Enfant pourri / Boris Moissard, 1988</subfield>
  </datafield>
  <datafield tag="810" ind1=" " ind2=" ">
    <subfield code="a">Guide des auteurs du livre de jeunesse français, 1989, p. 153</subfield>
  </datafield>
</record>