
<record format="UNIMARC" type="Authority">
  <leader>00796cx  a2200229   4500</leader>
  <controlfield tag="001">FRBNF140281410</controlfield>
  <controlfield tag="003">http://catalogue.bnf.fr/ark:/12148/cb14028141x</controlfield>
  <controlfield tag="005">20101011</controlfield>
  <datafield tag="010" ind1=" " ind2=" ">
    <subfield code="a">0000000114435900</subfield>
    <subfield code="2">VIAF</subfield>
    <subfield code="d">20130801</subfield>
  </datafield>
  <datafield tag="100" ind1=" " ind2=" ">
    <subfield code="a">19991216afrey50      ba0</subfield>
  </datafield>
  <datafield tag="102" ind1=" " ind2=" ">
    <subfield code="a">CA</subfield>
  </datafield>
  <datafield tag="103" ind1=" " ind2=" ">
    <subfield code="a"> 1966</subfield>
  </datafield>
  <datafield tag="105" ind1=" " ind2=" ">
    <subfield code="a">i</subfield>
  </datafield>
  <datafield tag="106" ind1=" " ind2=" ">
    <subfield code="a">1</subfield>
  </datafield>
  <datafield tag="120" ind1=" " ind2=" ">
    <subfield code="a">b</subfield>
  </datafield>
  <datafield tag="152" ind1=" " ind2=" ">
    <subfield code="c">2</subfield>
  </datafield>
  <datafield tag="200" ind1=" " ind2=" ">
    <subfield code="7">ba0yba0y</subfield>
    <subfield code="8">fre   </subfield>
    <subfield code="9"> 0 </subfield>
    <subfield code="a">Trudel</subfield>
    <subfield code="b">Alain</subfield>
    <subfield code="f">1966-....</subfield>
  </datafield>
  <datafield tag="300" ind1="0" ind2=" ">
    <subfield code="a">Tromboniste et chef d&apos;orchestre</subfield>
  </datafield>
  <datafield tag="801" ind1=" " ind2=" ">
    <subfield code="a">FR</subfield>
    <subfield code="b">FR-751131015</subfield>
    <subfield code="c">20101011</subfield>
  </datafield>
  <datafield tag="810" ind1=" " ind2=" ">
    <subfield code="a">Trombone concerti [Enregistrement sonore] / Albrechtsberger, Wagenseil, Leopold Mozart.. . [et al.], comp. ; Alain Trudel, trb, dir... [et al.]. Naxos 8553831</subfield>
  </datafield>
  <datafield tag="810" ind1=" " ind2=" ">
    <subfield code="a">AlainTrudel.com - http://www.alaintrudel.com (2010-10-11)</subfield>
  </datafield>
  <datafield tag="856" ind1=" " ind2=" ">
    <subfield code="u">http://www.alaintrudel.com/</subfield>
    <subfield code="e">2010-10-11</subfield>
  </datafield>
</record>