
<record format="UNIMARC" type="Authority">
  <leader>01328cx  b2200385   4500</leader>
  <controlfield tag="001">FRBNF119416280</controlfield>
  <controlfield tag="003">http://catalogue.bnf.fr/ark:/12148/cb11941628z</controlfield>
  <controlfield tag="005">20161206</controlfield>
  <datafield tag="039" ind1=" " ind2=" ">
    <subfield code="o">OPL</subfield>
    <subfield code="a">001651156</subfield>
  </datafield>
  <datafield tag="039" ind1=" " ind2=" ">
    <subfield code="o">OPL</subfield>
    <subfield code="a">005172356</subfield>
  </datafield>
  <datafield tag="039" ind1=" " ind2=" ">
    <subfield code="o">OPP</subfield>
    <subfield code="a">14278413</subfield>
    <subfield code="d">20140428</subfield>
  </datafield>
  <datafield tag="039" ind1=" " ind2=" ">
    <subfield code="o">OPP</subfield>
    <subfield code="a">11585662</subfield>
    <subfield code="d">20140428</subfield>
  </datafield>
  <datafield tag="039" ind1=" " ind2=" ">
    <subfield code="o">OPP</subfield>
    <subfield code="a">12745242</subfield>
    <subfield code="d">20161206</subfield>
  </datafield>
  <datafield tag="039" ind1=" " ind2=" ">
    <subfield code="o">OPP</subfield>
    <subfield code="a">13130500</subfield>
    <subfield code="d">20151123</subfield>
  </datafield>
  <datafield tag="039" ind1=" " ind2=" ">
    <subfield code="o">OPP</subfield>
    <subfield code="a">13130501</subfield>
    <subfield code="d">20151123</subfield>
  </datafield>
  <datafield tag="100" ind1=" " ind2=" ">
    <subfield code="a">19810901afrey50      ba0</subfield>
  </datafield>
  <datafield tag="101" ind1=" " ind2=" ">
    <subfield code="a">eng</subfield>
  </datafield>
  <datafield tag="102" ind1=" " ind2=" ">
    <subfield code="a">US</subfield>
  </datafield>
  <datafield tag="103" ind1=" " ind2=" ">
    <subfield code="a"> 1927</subfield>
  </datafield>
  <datafield tag="105" ind1=" " ind2=" ">
    <subfield code="c">a</subfield>
  </datafield>
  <datafield tag="106" ind1=" " ind2=" ">
    <subfield code="a">010</subfield>
  </datafield>
  <datafield tag="150" ind1=" " ind2=" ">
    <subfield code="a">y</subfield>
    <subfield code="b">c9</subfield>
  </datafield>
  <datafield tag="152" ind1=" " ind2=" ">
    <subfield code="c">2</subfield>
  </datafield>
  <datafield tag="210" ind1=" " ind2=" ">
    <subfield code="7">ba0yba0y</subfield>
    <subfield code="8">fre   </subfield>
    <subfield code="9">20 </subfield>
    <subfield code="a">Columbia broadcasting system</subfield>
  </datafield>
  <datafield tag="300" ind1=" " ind2=" ">
    <subfield code="a">Groupe américain de radiotélévision. - Lancement : 18 septembre 1927 (radio), 1er juillet 1941 (télévision)</subfield>
  </datafield>
  <datafield tag="303" ind1=" " ind2=" ">
    <subfield code="a">51 W. 52nd Street, New York NY 10019-6188</subfield>
  </datafield>
  <datafield tag="410" ind1=" " ind2=" ">
    <subfield code="7">ba0yba0y</subfield>
    <subfield code="8">fre   </subfield>
    <subfield code="a">CBS</subfield>
  </datafield>
  <datafield tag="540" ind1=" " ind2=" ">
    <subfield code="5">h</subfield>
    <subfield code="3">11957806</subfield>
    <subfield code="t">Dallas (série télévisée)</subfield>
  </datafield>
  <datafield tag="540" ind1=" " ind2=" ">
    <subfield code="5">h</subfield>
    <subfield code="3">16174976</subfield>
    <subfield code="t">The Ed Sullivan show (émission télévisée)</subfield>
  </datafield>
  <datafield tag="540" ind1=" " ind2=" ">
    <subfield code="5">h</subfield>
    <subfield code="3">12314256</subfield>
    <subfield code="t">Gunsmoke (série radiophonique)</subfield>
  </datafield>
  <datafield tag="540" ind1=" " ind2=" ">
    <subfield code="5">h</subfield>
    <subfield code="3">16601461</subfield>
    <subfield code="t">One world fight (émission radiophonique)</subfield>
  </datafield>
  <datafield tag="540" ind1=" " ind2=" ">
    <subfield code="5">h</subfield>
    <subfield code="3">14414343</subfield>
    <subfield code="t">Let&apos;s pretend (émission radiophonique)</subfield>
  </datafield>
  <datafield tag="801" ind1=" " ind2=" ">
    <subfield code="a">FR</subfield>
    <subfield code="b">FR-751131015</subfield>
    <subfield code="c">20161206</subfield>
  </datafield>
  <datafield tag="810" ind1=" " ind2=" ">
    <subfield code="a">LCNA 1977-1986</subfield>
  </datafield>
  <datafield tag="856" ind1=" " ind2=" ">
    <subfield code="u">http://www.cbs.com/</subfield>
    <subfield code="e">2014-04-28</subfield>
  </datafield>
</record>