
<record format="UNIMARC" type="Authority">
  <leader>00629cx  a2200193   4500</leader>
  <controlfield tag="001">FRBNF13939901X</controlfield>
  <controlfield tag="003">http://catalogue.bnf.fr/ark:/12148/cb13939901r</controlfield>
  <controlfield tag="005">20140313</controlfield>
  <datafield tag="039" ind1=" " ind2=" ">
    <subfield code="o">OPP</subfield>
    <subfield code="a">14687700</subfield>
    <subfield code="d">20090519</subfield>
  </datafield>
  <datafield tag="100" ind1=" " ind2=" ">
    <subfield code="a">19910628afrey50      ba0</subfield>
  </datafield>
  <datafield tag="102" ind1=" " ind2=" ">
    <subfield code="a">FR</subfield>
  </datafield>
  <datafield tag="103" ind1=" " ind2=" ">
    <subfield code="a"> 19..</subfield>
  </datafield>
  <datafield tag="105" ind1=" " ind2=" ">
    <subfield code="a">i</subfield>
  </datafield>
  <datafield tag="106" ind1=" " ind2=" ">
    <subfield code="a">010</subfield>
  </datafield>
  <datafield tag="120" ind1=" " ind2=" ">
    <subfield code="a">b</subfield>
  </datafield>
  <datafield tag="200" ind1=" " ind2=" ">
    <subfield code="7">ba0yba0y</subfield>
    <subfield code="8">fre   </subfield>
    <subfield code="9"> 0 </subfield>
    <subfield code="a">Leclerc</subfield>
    <subfield code="b">Thierry</subfield>
  </datafield>
  <datafield tag="300" ind1=" " ind2=" ">
    <subfield code="a">Acteur et chanteur</subfield>
  </datafield>
  <datafield tag="801" ind1=" " ind2=" ">
    <subfield code="a">FR</subfield>
    <subfield code="b">FR-751131015</subfield>
    <subfield code="c">20140313</subfield>
  </datafield>
  <datafield tag="810" ind1=" " ind2=" ">
    <subfield code="a">Le voyageur imprudent [ Enregistrement sonore] / René Barjavel, aut. ; Eric Dufay, Thierry Leclerc, Sophie Lahayville, Pierre Val... [et al.], voix. Livraphone LIV212</subfield>
  </datafield>
</record>