
<record format="UNIMARC" type="Authority">
  <leader>00850cx  a2200229   4500</leader>
  <controlfield tag="001">FRBNF146740087</controlfield>
  <controlfield tag="003">http://catalogue.bnf.fr/ark:/12148/cb14674008x</controlfield>
  <controlfield tag="005">20101019</controlfield>
  <datafield tag="010" ind1=" " ind2=" ">
    <subfield code="a">0000000003194585</subfield>
    <subfield code="2">VIAF</subfield>
    <subfield code="d">20130802</subfield>
  </datafield>
  <datafield tag="039" ind1=" " ind2=" ">
    <subfield code="o">OPP</subfield>
    <subfield code="a">14088520</subfield>
    <subfield code="d">20090624</subfield>
  </datafield>
  <datafield tag="100" ind1=" " ind2=" ">
    <subfield code="a">20050825afrey50      ba0</subfield>
  </datafield>
  <datafield tag="102" ind1=" " ind2=" ">
    <subfield code="a">FR</subfield>
  </datafield>
  <datafield tag="103" ind1=" " ind2=" ">
    <subfield code="a"> 19..</subfield>
  </datafield>
  <datafield tag="105" ind1=" " ind2=" ">
    <subfield code="a">a</subfield>
    <subfield code="a">c</subfield>
    <subfield code="a">p</subfield>
  </datafield>
  <datafield tag="106" ind1=" " ind2=" ">
    <subfield code="a">1</subfield>
  </datafield>
  <datafield tag="120" ind1=" " ind2=" ">
    <subfield code="a">a</subfield>
  </datafield>
  <datafield tag="200" ind1=" " ind2=" ">
    <subfield code="7">ba0yba0y</subfield>
    <subfield code="8">fre   </subfield>
    <subfield code="9"> 0 </subfield>
    <subfield code="a">Colladant</subfield>
    <subfield code="b">Dominique</subfield>
  </datafield>
  <datafield tag="300" ind1="0" ind2=" ">
    <subfield code="a">Metteur en scène de théâtre et costumier. - Accessoiriste spécialiste des effets spéciaux</subfield>
  </datafield>
  <datafield tag="801" ind1=" " ind2=" ">
    <subfield code="a">FR</subfield>
    <subfield code="b">FR-751131015</subfield>
    <subfield code="c">20101019</subfield>
  </datafield>
  <datafield tag="810" ind1=" " ind2=" ">
    <subfield code="a">Stratégies vidéo [Images animées]. Partie 4, Du 15 au 29 février 1988 / [Dominique Colladant, ... et al., réalisateur], 1988</subfield>
  </datafield>
  <datafield tag="810" ind1=" " ind2=" ">
    <subfield code="a">The Internet movie databse - http://www.imdb.com (2009-06-24)</subfield>
  </datafield>
  <datafield tag="856" ind1=" " ind2=" ">
    <subfield code="u">http://www.imdb.com</subfield>
    <subfield code="e">2009-06-24</subfield>
  </datafield>
</record>