
<record format="UNIMARC" type="Authority">
  <leader>00793cx  a2200217   4500</leader>
  <controlfield tag="001">FRBNF147025118</controlfield>
  <controlfield tag="003">http://catalogue.bnf.fr/ark:/12148/cb14702511f</controlfield>
  <controlfield tag="005">20161115</controlfield>
  <datafield tag="010" ind1=" " ind2=" ">
    <subfield code="a">0000000369530387</subfield>
    <subfield code="2">ISNI</subfield>
    <subfield code="d">20170201</subfield>
  </datafield>
  <datafield tag="100" ind1=" " ind2=" ">
    <subfield code="a">20050825afrey50      ba0</subfield>
  </datafield>
  <datafield tag="102" ind1=" " ind2=" ">
    <subfield code="a">MX</subfield>
  </datafield>
  <datafield tag="103" ind1=" " ind2=" ">
    <subfield code="a"> 19100727  20161112</subfield>
  </datafield>
  <datafield tag="106" ind1=" " ind2=" ">
    <subfield code="a">010</subfield>
  </datafield>
  <datafield tag="120" ind1=" " ind2=" ">
    <subfield code="a">a</subfield>
  </datafield>
  <datafield tag="152" ind1=" " ind2=" ">
    <subfield code="c">2</subfield>
  </datafield>
  <datafield tag="200" ind1=" " ind2=" ">
    <subfield code="7">ba0yba0y</subfield>
    <subfield code="8">fre   </subfield>
    <subfield code="9"> 0 </subfield>
    <subfield code="a">Tovar</subfield>
    <subfield code="b">Lupita</subfield>
    <subfield code="f">1910-2016</subfield>
  </datafield>
  <datafield tag="300" ind1=" " ind2=" ">
    <subfield code="a">Nom d&apos;artiste de Guadalupe Natalia Tovar. - Actrice</subfield>
  </datafield>
  <datafield tag="801" ind1=" " ind2=" ">
    <subfield code="a">FR</subfield>
    <subfield code="b">FR-751131015</subfield>
    <subfield code="c">20161115</subfield>
  </datafield>
  <datafield tag="810" ind1=" " ind2=" ">
    <subfield code="a">Mousquetaire du ranch [Image fixe]. 1939</subfield>
  </datafield>
  <datafield tag="810" ind1=" " ind2=" ">
    <subfield code="a">IMDB - http://www.imdb.com/name/nm0869830 (2016-11-15)</subfield>
    <subfield code="a">VIAF - http://viaf.org/viaf/6932604 (2016-11-15)</subfield>
  </datafield>
  <datafield tag="856" ind1=" " ind2=" ">
    <subfield code="u">http://www.imdb.com/name/nm0869830/</subfield>
    <subfield code="e">2016-11-15</subfield>
    <subfield code="u">http://viaf.org/viaf/6932604</subfield>
    <subfield code="e">2016-11-15</subfield>
  </datafield>
</record>