
<record format="UNIMARC" type="Authority">
  <leader>00919cx  a2200205   4500</leader>
  <controlfield tag="001">FRBNF14179539X</controlfield>
  <controlfield tag="003">http://catalogue.bnf.fr/ark:/12148/cb14179539x</controlfield>
  <controlfield tag="005">20180911</controlfield>
  <datafield tag="010" ind1=" " ind2=" ">
    <subfield code="a">0000000001123548</subfield>
    <subfield code="2">VIAF</subfield>
    <subfield code="d">20130801</subfield>
  </datafield>
  <datafield tag="100" ind1=" " ind2=" ">
    <subfield code="a">20030310afrey50      ba0</subfield>
  </datafield>
  <datafield tag="101" ind1=" " ind2=" ">
    <subfield code="a">fre</subfield>
  </datafield>
  <datafield tag="102" ind1=" " ind2=" ">
    <subfield code="a">FR</subfield>
  </datafield>
  <datafield tag="103" ind1=" " ind2=" ">
    <subfield code="a"> 19620107</subfield>
  </datafield>
  <datafield tag="105" ind1=" " ind2=" ">
    <subfield code="a">a</subfield>
    <subfield code="a">i</subfield>
  </datafield>
  <datafield tag="106" ind1=" " ind2=" ">
    <subfield code="a">1</subfield>
  </datafield>
  <datafield tag="120" ind1=" " ind2=" ">
    <subfield code="a">a</subfield>
  </datafield>
  <datafield tag="200" ind1=" " ind2=" ">
    <subfield code="7">ba0yba0y</subfield>
    <subfield code="8">fre   </subfield>
    <subfield code="9"> 0 </subfield>
    <subfield code="a">Gaber</subfield>
    <subfield code="b">Floriane</subfield>
    <subfield code="f">1962-....</subfield>
  </datafield>
  <datafield tag="300" ind1="0" ind2=" ">
    <subfield code="a">Titulaire d&apos;une thèse de lettres modernes (Paris 3, 1998). - Comédienne, journaliste et chercheuse. - A participé à la création du Centre de recherche sur les arts de la rue, Paris</subfield>
  </datafield>
  <datafield tag="801" ind1=" " ind2=" ">
    <subfield code="a">FR</subfield>
    <subfield code="b">FR-751131015</subfield>
    <subfield code="c">20180911</subfield>
  </datafield>
  <datafield tag="810" ind1=" " ind2=" ">
    <subfield code="a">Les hêtres rouges [Enregistrement sonore] / Conan Doyle, aut. ; interprété J. M Fonbonne, Ph Lejour, F. Gaber [et al.]. Livraphone LIV225C</subfield>
    <subfield code="a">Comment ça commença : les arts de la rue dans le contexte des années 70 / Floriane Gaber, impr. 2009</subfield>
  </datafield>
</record>