
<record format="UNIMARC" type="Authority">
  <leader>00866cx  a2200253   4500</leader>
  <controlfield tag="001">FRBNF120524851</controlfield>
  <controlfield tag="003">http://catalogue.bnf.fr/ark:/12148/cb120524858</controlfield>
  <controlfield tag="005">20171114</controlfield>
  <datafield tag="010" ind1=" " ind2=" ">
    <subfield code="a">0000000008804872</subfield>
    <subfield code="2">VIAF</subfield>
    <subfield code="d">20130724</subfield>
  </datafield>
  <datafield tag="039" ind1=" " ind2=" ">
    <subfield code="o">OPL</subfield>
    <subfield code="a">003593958</subfield>
  </datafield>
  <datafield tag="039" ind1=" " ind2=" ">
    <subfield code="o">OPP</subfield>
    <subfield code="a">15455464</subfield>
    <subfield code="d">20121204</subfield>
  </datafield>
  <datafield tag="039" ind1=" " ind2=" ">
    <subfield code="o">OPP</subfield>
    <subfield code="a">16783442</subfield>
    <subfield code="d">20151229</subfield>
  </datafield>
  <datafield tag="100" ind1=" " ind2=" ">
    <subfield code="a">19840420afrey50      ba0</subfield>
  </datafield>
  <datafield tag="101" ind1=" " ind2=" ">
    <subfield code="a">fre</subfield>
    <subfield code="t">eng</subfield>
  </datafield>
  <datafield tag="102" ind1=" " ind2=" ">
    <subfield code="a">FR</subfield>
  </datafield>
  <datafield tag="103" ind1=" " ind2=" ">
    <subfield code="a"> 1957</subfield>
  </datafield>
  <datafield tag="105" ind1=" " ind2=" ">
    <subfield code="a">a</subfield>
  </datafield>
  <datafield tag="106" ind1=" " ind2=" ">
    <subfield code="a">1</subfield>
  </datafield>
  <datafield tag="120" ind1=" " ind2=" ">
    <subfield code="a">a</subfield>
  </datafield>
  <datafield tag="200" ind1=" " ind2=" ">
    <subfield code="7">ba0yba0y</subfield>
    <subfield code="8">fre   </subfield>
    <subfield code="9"> 0 </subfield>
    <subfield code="a">Chicheportiche</subfield>
    <subfield code="b">Josette</subfield>
    <subfield code="f">1957-....</subfield>
  </datafield>
  <datafield tag="300" ind1="0" ind2=" ">
    <subfield code="a">Auteur d&apos;ouvrages pour la jeunesse, traductrice</subfield>
  </datafield>
  <datafield tag="400" ind1=" " ind2=" ">
    <subfield code="7">ba0yba0y</subfield>
    <subfield code="8">fre   </subfield>
    <subfield code="a">Chicheportiche</subfield>
    <subfield code="b">Jo</subfield>
    <subfield code="f">1957-....</subfield>
  </datafield>
  <datafield tag="801" ind1=" " ind2=" ">
    <subfield code="a">FR</subfield>
    <subfield code="b">FR-751131015</subfield>
    <subfield code="c">20171114</subfield>
  </datafield>
  <datafield tag="810" ind1=" " ind2=" ">
    <subfield code="a">Les Saisons du cœur / Cynthia  Freeman ; trad. de l&apos;américain par Josette Chicheportiche, 1987</subfield>
    <subfield code="a">Un amoureux pour Loulou / Jo Chicheportiche, DL 2017</subfield>
  </datafield>
</record>