
<record format="UNIMARC" type="Authority">
  <leader>01035cx  a2200265   4500</leader>
  <controlfield tag="001">FRBNF162593964</controlfield>
  <controlfield tag="003">http://catalogue.bnf.fr/ark:/12148/cb162593967</controlfield>
  <controlfield tag="005">20110126</controlfield>
  <datafield tag="010" ind1=" " ind2=" ">
    <subfield code="a">0000000109768225</subfield>
    <subfield code="2">VIAF</subfield>
    <subfield code="d">20130807</subfield>
  </datafield>
  <datafield tag="100" ind1=" " ind2=" ">
    <subfield code="a">20110125afrey50      ba0</subfield>
  </datafield>
  <datafield tag="101" ind1=" " ind2=" ">
    <subfield code="a">eng</subfield>
  </datafield>
  <datafield tag="102" ind1=" " ind2=" ">
    <subfield code="a">XX</subfield>
  </datafield>
  <datafield tag="103" ind1=" " ind2=" ">
    <subfield code="a"> 19..</subfield>
  </datafield>
  <datafield tag="105" ind1=" " ind2=" ">
    <subfield code="a">a</subfield>
  </datafield>
  <datafield tag="106" ind1=" " ind2=" ">
    <subfield code="a">1</subfield>
  </datafield>
  <datafield tag="120" ind1=" " ind2=" ">
    <subfield code="a">b</subfield>
  </datafield>
  <datafield tag="152" ind1=" " ind2=" ">
    <subfield code="c">2</subfield>
  </datafield>
  <datafield tag="200" ind1=" " ind2=" ">
    <subfield code="7">ba0yba0y</subfield>
    <subfield code="8">fre   </subfield>
    <subfield code="9"> 0 </subfield>
    <subfield code="a">Eighteen-Bisang</subfield>
    <subfield code="b">Robert</subfield>
  </datafield>
  <datafield tag="300" ind1="0" ind2=" ">
    <subfield code="a">Vit à White Rock, Canada (en 2008)</subfield>
  </datafield>
  <datafield tag="400" ind1=" " ind2=" ">
    <subfield code="7">ba0yba0y</subfield>
    <subfield code="8">fre   </subfield>
    <subfield code="a">Bisang</subfield>
    <subfield code="b">Robert Eighteen-</subfield>
  </datafield>
  <datafield tag="801" ind1=" " ind2=" ">
    <subfield code="a">FR</subfield>
    <subfield code="b">FR-751131015</subfield>
    <subfield code="c">20110126</subfield>
  </datafield>
  <datafield tag="810" ind1=" " ind2=" ">
    <subfield code="a">Bram Stoker&apos;s notes for &quot;Dracula&quot; : a facsimile edition / annotated and transcribed by Robert Eighteen-Bisang and Elizabeth Miller, 2008</subfield>
  </datafield>
  <datafield tag="810" ind1=" " ind2=" ">
    <subfield code="a">LC authorities - http://authorities.loc.gov (2011-01-25)</subfield>
    <subfield code="a">British library - http://www.bl.uk (2011-01-26)</subfield>
  </datafield>
  <datafield tag="815" ind1=" " ind2=" ">
    <subfield code="a">Bibliothèque et archives Canada : http://amicus.collectionscanada.gc.ca (2011-01-26)</subfield>
  </datafield>
  <datafield tag="856" ind1=" " ind2=" ">
    <subfield code="u">http://authorities.loc.gov</subfield>
    <subfield code="e">2011-01-25</subfield>
    <subfield code="u">http://www.bl.uk</subfield>
    <subfield code="e">2011-01-26</subfield>
  </datafield>
</record>