
<record format="UNIMARC" type="Authority">
  <leader>01001cx  a2200253   4500</leader>
  <controlfield tag="001">FRBNF140915238</controlfield>
  <controlfield tag="003">http://catalogue.bnf.fr/ark:/12148/cb14091523v</controlfield>
  <controlfield tag="005">20220408</controlfield>
  <datafield tag="010" ind1=" " ind2=" ">
    <subfield code="a">0000000021283813</subfield>
    <subfield code="2">VIAF</subfield>
    <subfield code="d">20130801</subfield>
  </datafield>
  <datafield tag="100" ind1=" " ind2=" ">
    <subfield code="a">20030310afrey50      ba0</subfield>
  </datafield>
  <datafield tag="101" ind1=" " ind2=" ">
    <subfield code="a">eng</subfield>
  </datafield>
  <datafield tag="102" ind1=" " ind2=" ">
    <subfield code="a">GB</subfield>
  </datafield>
  <datafield tag="103" ind1=" " ind2=" ">
    <subfield code="a"> 18791202  19581025</subfield>
  </datafield>
  <datafield tag="105" ind1=" " ind2=" ">
    <subfield code="a">a</subfield>
  </datafield>
  <datafield tag="106" ind1=" " ind2=" ">
    <subfield code="a">1</subfield>
  </datafield>
  <datafield tag="120" ind1=" " ind2=" ">
    <subfield code="a">b</subfield>
  </datafield>
  <datafield tag="152" ind1=" " ind2=" ">
    <subfield code="c">2</subfield>
  </datafield>
  <datafield tag="200" ind1=" " ind2=" ">
    <subfield code="7">ba0yba0y</subfield>
    <subfield code="8">fre   </subfield>
    <subfield code="9"> 0 </subfield>
    <subfield code="a">Deane</subfield>
    <subfield code="b">Hamilton</subfield>
    <subfield code="f">1879-1958</subfield>
  </datafield>
  <datafield tag="300" ind1="0" ind2=" ">
    <subfield code="a">Scénariste et comédien</subfield>
  </datafield>
  <datafield tag="301" ind1=" " ind2=" ">
    <subfield code="a">New Ross (Irlande)</subfield>
    <subfield code="b">Londres (Royaume Uni)</subfield>
  </datafield>
  <datafield tag="801" ind1=" " ind2=" ">
    <subfield code="a">FR</subfield>
    <subfield code="b">FR-751131015</subfield>
    <subfield code="c">20220408</subfield>
  </datafield>
  <datafield tag="810" ind1=" " ind2=" ">
    <subfield code="a">Dracula [Images animées] / Tod Browning, réal. ; Hamilton Deane, John L. Balderston, aut. adaptés, adapt., 1999</subfield>
  </datafield>
  <datafield tag="810" ind1=" " ind2=" ">
    <subfield code="a">IMDb - https://www.imdb.com/name/nm0213019/?ref_=fn_al_nm_1 (2011-02-14) (2022-04-08)</subfield>
    <subfield code="a">Internet Broadway database - http://www.ibdb.com (2005-05-30)</subfield>
  </datafield>
  <datafield tag="856" ind1=" " ind2=" ">
    <subfield code="u">https://www.imdb.com/name/nm0213019/?ref_=fn_al_nm_1</subfield>
    <subfield code="e">2011-02-14</subfield>
    <subfield code="e">2022-04-08</subfield>
    <subfield code="u">http://www.ibdb.com/</subfield>
    <subfield code="e">2005-05-30</subfield>
  </datafield>
</record>