
<record format="UNIMARC" type="Authority">
  <leader>00912cx  a2200265   4500</leader>
  <controlfield tag="001">FRBNF151212091</controlfield>
  <controlfield tag="003">http://catalogue.bnf.fr/ark:/12148/cb15121209b</controlfield>
  <controlfield tag="005">20110920</controlfield>
  <datafield tag="010" ind1=" " ind2=" ">
    <subfield code="a">0000000063141223</subfield>
    <subfield code="2">VIAF</subfield>
    <subfield code="d">20130805</subfield>
  </datafield>
  <datafield tag="100" ind1=" " ind2=" ">
    <subfield code="a">20061214afrey50      ba0</subfield>
  </datafield>
  <datafield tag="101" ind1=" " ind2=" ">
    <subfield code="a">ger</subfield>
  </datafield>
  <datafield tag="102" ind1=" " ind2=" ">
    <subfield code="a">DE</subfield>
  </datafield>
  <datafield tag="103" ind1=" " ind2=" ">
    <subfield code="a"> 18790611  19361126</subfield>
  </datafield>
  <datafield tag="105" ind1=" " ind2=" ">
    <subfield code="a">i</subfield>
  </datafield>
  <datafield tag="106" ind1=" " ind2=" ">
    <subfield code="a">010</subfield>
  </datafield>
  <datafield tag="120" ind1=" " ind2=" ">
    <subfield code="a">b</subfield>
  </datafield>
  <datafield tag="152" ind1=" " ind2=" ">
    <subfield code="c">2</subfield>
  </datafield>
  <datafield tag="200" ind1=" " ind2=" ">
    <subfield code="7">ba0yba0y</subfield>
    <subfield code="8">fre   </subfield>
    <subfield code="9"> 0 </subfield>
    <subfield code="a">Schreck</subfield>
    <subfield code="b">Max</subfield>
    <subfield code="f">1879-1936</subfield>
  </datafield>
  <datafield tag="300" ind1=" " ind2=" ">
    <subfield code="a">Acteur</subfield>
  </datafield>
  <datafield tag="301" ind1=" " ind2=" ">
    <subfield code="a">Berlin</subfield>
    <subfield code="b">Munich (Allemagne)</subfield>
  </datafield>
  <datafield tag="686" ind1=" " ind2=" ">
    <subfield code="a">791</subfield>
    <subfield code="c">Audiovisuel</subfield>
    <subfield code="2">Note de regroupement par domaine</subfield>
  </datafield>
  <datafield tag="801" ind1=" " ind2=" ">
    <subfield code="a">FR</subfield>
    <subfield code="b">FR-751131015</subfield>
    <subfield code="c">20110920</subfield>
  </datafield>
  <datafield tag="810" ind1=" " ind2=" ">
    <subfield code="a">Nosferatu [Images animées] / F.W. Murnau, réal. ; Max Schreck, act. &quot;Le Monde&quot;, 2006</subfield>
    <subfield code="a">Max Schreck : Gespenstertheater / Stefan Eickhoff, 2009</subfield>
  </datafield>
  <datafield tag="810" ind1=" " ind2=" ">
    <subfield code="a">IMDB - http://www.us.imdb.com/name/nm0775180 (2006-12-14)</subfield>
  </datafield>
  <datafield tag="856" ind1=" " ind2=" ">
    <subfield code="u">http://www.us.imdb.com/name/nm0775180/</subfield>
    <subfield code="e">2006-12-14</subfield>
  </datafield>
</record>