
<record format="UNIMARC" type="Authority">
  <leader>01206cx  a2200253   4500</leader>
  <controlfield tag="001">FRBNF141227718</controlfield>
  <controlfield tag="003">http://catalogue.bnf.fr/ark:/12148/cb141227717</controlfield>
  <controlfield tag="005">20200914</controlfield>
  <datafield tag="010" ind1=" " ind2=" ">
    <subfield code="a">000000000886412X</subfield>
    <subfield code="2">ISNI</subfield>
    <subfield code="d">20150312</subfield>
  </datafield>
  <datafield tag="039" ind1=" " ind2=" ">
    <subfield code="o">OPP</subfield>
    <subfield code="a">14208514</subfield>
    <subfield code="d">20070904</subfield>
  </datafield>
  <datafield tag="100" ind1=" " ind2=" ">
    <subfield code="a">20030310afrey50      ba0</subfield>
  </datafield>
  <datafield tag="102" ind1=" " ind2=" ">
    <subfield code="a">CH</subfield>
  </datafield>
  <datafield tag="103" ind1=" " ind2=" ">
    <subfield code="a"> 19..</subfield>
  </datafield>
  <datafield tag="105" ind1=" " ind2=" ">
    <subfield code="a">a</subfield>
    <subfield code="a">i</subfield>
  </datafield>
  <datafield tag="106" ind1=" " ind2=" ">
    <subfield code="a">1</subfield>
  </datafield>
  <datafield tag="120" ind1=" " ind2=" ">
    <subfield code="a">b</subfield>
  </datafield>
  <datafield tag="152" ind1=" " ind2=" ">
    <subfield code="c">2</subfield>
  </datafield>
  <datafield tag="200" ind1=" " ind2=" ">
    <subfield code="7">ba0yba0y</subfield>
    <subfield code="8">fre   </subfield>
    <subfield code="9"> 0 </subfield>
    <subfield code="a">Moravioff</subfield>
    <subfield code="b">Galeshka</subfield>
  </datafield>
  <datafield tag="300" ind1="0" ind2=" ">
    <subfield code="a">Docteur en ethnologie en 1990. - Pianiste, compositeur. - Artiste peintre. - Réalisateur, fondateur de la société de production et de distribution &quot;Films sans Frontières&quot;, propriétaire de salles art et essai</subfield>
  </datafield>
  <datafield tag="801" ind1=" " ind2=" ">
    <subfield code="a">FR</subfield>
    <subfield code="b">FR-751131015</subfield>
    <subfield code="c">20200914</subfield>
  </datafield>
  <datafield tag="810" ind1=" " ind2=" ">
    <subfield code="a">Faust [Images animées] / Friedrich Wilhelm Murnau, réal. ; Galeshka Moravioff, comp. Films sans frontières, 2006</subfield>
  </datafield>
  <datafield tag="810" ind1=" " ind2=" ">
    <subfield code="a">IMDB : Galeshka Moravioff (III) - https://www.imdb.com/name/nm9480033 (2020-02-10)</subfield>
    <subfield code="a">Wikipédia - https://fr.wikipedia.org/wiki/Galeshka_Moravioff (2020-02-10)</subfield>
  </datafield>
  <datafield tag="856" ind1=" " ind2=" ">
    <subfield code="u">http://www.galeshkamoravioff.com/</subfield>
    <subfield code="e">2020-02-10</subfield>
  </datafield>
  <datafield tag="856" ind1=" " ind2=" ">
    <subfield code="u">https://www.imdb.com/name/nm9480033/</subfield>
    <subfield code="e">2020-02-10</subfield>
    <subfield code="u">https://fr.wikipedia.org/wiki/Galeshka_Moravioff</subfield>
    <subfield code="e">2020-02-10</subfield>
  </datafield>
</record>