
<record format="UNIMARC" type="Authority">
  <leader>00894cx  a2200241   4500</leader>
  <controlfield tag="001">FRBNF129385520</controlfield>
  <controlfield tag="003">http://catalogue.bnf.fr/ark:/12148/cb129385525</controlfield>
  <controlfield tag="005">20080130</controlfield>
  <datafield tag="010" ind1=" " ind2=" ">
    <subfield code="a">000000011631511X</subfield>
    <subfield code="2">VIAF</subfield>
    <subfield code="d">20130730</subfield>
  </datafield>
  <datafield tag="039" ind1=" " ind2=" ">
    <subfield code="o">OPL</subfield>
    <subfield code="a">008659860</subfield>
  </datafield>
  <datafield tag="100" ind1=" " ind2=" ">
    <subfield code="a">19930115afrey50      ba0</subfield>
  </datafield>
  <datafield tag="101" ind1=" " ind2=" ">
    <subfield code="a">fre</subfield>
  </datafield>
  <datafield tag="102" ind1=" " ind2=" ">
    <subfield code="a">FR</subfield>
  </datafield>
  <datafield tag="103" ind1=" " ind2=" ">
    <subfield code="a"> 19..</subfield>
  </datafield>
  <datafield tag="105" ind1=" " ind2=" ">
    <subfield code="a">a</subfield>
  </datafield>
  <datafield tag="106" ind1=" " ind2=" ">
    <subfield code="a">1</subfield>
  </datafield>
  <datafield tag="120" ind1=" " ind2=" ">
    <subfield code="a">a</subfield>
  </datafield>
  <datafield tag="200" ind1=" " ind2=" ">
    <subfield code="7">ba0yba0y</subfield>
    <subfield code="8">fre   </subfield>
    <subfield code="9"> 0 </subfield>
    <subfield code="a">Sadoul</subfield>
    <subfield code="b">Barbara</subfield>
  </datafield>
  <datafield tag="300" ind1="0" ind2=" ">
    <subfield code="a">Auteur et illustratrice d&apos;ouvarges pour la jeunesse</subfield>
  </datafield>
  <datafield tag="801" ind1=" " ind2=" ">
    <subfield code="a">FR</subfield>
    <subfield code="b">FR-751131015</subfield>
    <subfield code="c">20080130</subfield>
  </datafield>
  <datafield tag="810" ind1=" " ind2=" ">
    <subfield code="a">La dimension fantastique. 4, De Poe à Colette, onze nouvelles ensorcelées / une anthologie proposée par Barbara Sadoul, impr. 2007</subfield>
  </datafield>
  <datafield tag="810" ind1=" " ind2=" ">
    <subfield code="a">La charte des auteurs et illustrateurs pour la jeunesse - http://charte.repertoire.free.fr/s/sadoul.html (2008-01-30)</subfield>
  </datafield>
  <datafield tag="856" ind1=" " ind2=" ">
    <subfield code="u">http://charte.repertoire.free.fr/s/sadoul.html</subfield>
    <subfield code="e">2008-01-30</subfield>
  </datafield>
</record>