
<record format="UNIMARC" type="Authority">
  <leader>00914cx  a2200229   4500</leader>
  <controlfield tag="001">FRBNF139556382</controlfield>
  <controlfield tag="003">http://catalogue.bnf.fr/ark:/12148/cb13955638q</controlfield>
  <controlfield tag="005">20201029</controlfield>
  <datafield tag="010" ind1=" " ind2=" ">
    <subfield code="a">0000000114910388</subfield>
    <subfield code="2">VIAF</subfield>
    <subfield code="d">20130731</subfield>
  </datafield>
  <datafield tag="100" ind1=" " ind2=" ">
    <subfield code="a">19930521afrey50      ba0</subfield>
  </datafield>
  <datafield tag="102" ind1=" " ind2=" ">
    <subfield code="a">GB</subfield>
  </datafield>
  <datafield tag="103" ind1=" " ind2=" ">
    <subfield code="a"> 19621026</subfield>
  </datafield>
  <datafield tag="105" ind1=" " ind2=" ">
    <subfield code="a">i</subfield>
    <subfield code="a">a</subfield>
  </datafield>
  <datafield tag="106" ind1=" " ind2=" ">
    <subfield code="a">1</subfield>
  </datafield>
  <datafield tag="120" ind1=" " ind2=" ">
    <subfield code="a">b</subfield>
  </datafield>
  <datafield tag="152" ind1=" " ind2=" ">
    <subfield code="c">2</subfield>
  </datafield>
  <datafield tag="200" ind1=" " ind2=" ">
    <subfield code="7">ba0yba0y</subfield>
    <subfield code="8">fre   </subfield>
    <subfield code="9"> 0 </subfield>
    <subfield code="a">Elwes</subfield>
    <subfield code="b">Cary</subfield>
    <subfield code="f">1962-....</subfield>
  </datafield>
  <datafield tag="300" ind1="0" ind2=" ">
    <subfield code="a">Acteur. - Scénariste</subfield>
  </datafield>
  <datafield tag="801" ind1=" " ind2=" ">
    <subfield code="a">FR</subfield>
    <subfield code="b">FR-751131015</subfield>
    <subfield code="c">20201029</subfield>
  </datafield>
  <datafield tag="810" ind1=" " ind2=" ">
    <subfield code="a">Elvis &amp; Nixon [Images animées] / Liza Johnson, réal. ; Cary Elwes, scénario. Warner Bros entertainment France, 2016</subfield>
  </datafield>
  <datafield tag="810" ind1=" " ind2=" ">
    <subfield code="a">Première, n ° 178, Janvier 1992</subfield>
    <subfield code="a">IMDB - https://www.imdb.com/name/nm0000144 (2020-10-29)</subfield>
    <subfield code="a">Wikipedia - https://en.wikipedia.org/wiki/Cary_Elwes (2020-10-29)</subfield>
  </datafield>
  <datafield tag="856" ind1=" " ind2=" ">
    <subfield code="u">https://www.imdb.com/name/nm0000144/</subfield>
    <subfield code="e">2020-10-29</subfield>
    <subfield code="u">https://en.wikipedia.org/wiki/Cary_Elwes</subfield>
    <subfield code="e">2020-10-29</subfield>
  </datafield>
</record>