
<record format="UNIMARC" type="Authority">
  <leader>02256cx  b2200385   4500</leader>
  <controlfield tag="001">FRBNF139055026</controlfield>
  <controlfield tag="003">http://catalogue.bnf.fr/ark:/12148/cb13905502d</controlfield>
  <controlfield tag="005">20110719</controlfield>
  <datafield tag="010" ind1=" " ind2=" ">
    <subfield code="a">0000000123236161</subfield>
    <subfield code="2">ISNI</subfield>
    <subfield code="d">20131217</subfield>
  </datafield>
  <datafield tag="100" ind1=" " ind2=" ">
    <subfield code="a">19890601afrey50      ba0</subfield>
  </datafield>
  <datafield tag="102" ind1=" " ind2=" ">
    <subfield code="a">FR</subfield>
  </datafield>
  <datafield tag="103" ind1=" " ind2=" ">
    <subfield code="a"> 1669</subfield>
  </datafield>
  <datafield tag="105" ind1=" " ind2=" ">
    <subfield code="a">a</subfield>
    <subfield code="a">i</subfield>
  </datafield>
  <datafield tag="106" ind1=" " ind2=" ">
    <subfield code="a">010</subfield>
  </datafield>
  <datafield tag="150" ind1=" " ind2=" ">
    <subfield code="a">z</subfield>
    <subfield code="b">v8</subfield>
  </datafield>
  <datafield tag="210" ind1=" " ind2=" ">
    <subfield code="7">ba0yba0y</subfield>
    <subfield code="8">fre   </subfield>
    <subfield code="9">20 </subfield>
    <subfield code="a">Opéra national de Paris</subfield>
    <subfield code="b">Orchestre</subfield>
  </datafield>
  <datafield tag="300" ind1=" " ind2=" ">
    <subfield code="a">Résultat de la fusion des orchestres de  l&apos;Opéra et de l&apos;Opéra comique (1972). - Son histoire est la même que celle de l&apos;Académie de musique fondée en 1669</subfield>
  </datafield>
  <datafield tag="303" ind1=" " ind2=" ">
    <subfield code="a">120 rue de Lyon, 75576 Paris Cedex 12</subfield>
  </datafield>
  <datafield tag="307" ind1=" " ind2=" ">
    <subfield code="a">Philippe Jordan (2009-....)</subfield>
    <subfield code="a">Conlon James, direction (1996-....)</subfield>
    <subfield code="a">Varviso, Silvio, direction</subfield>
    <subfield code="a">Chung, Myung Whun, direction</subfield>
    <subfield code="a">Dervaux, Pierre, direction</subfield>
  </datafield>
  <datafield tag="410" ind1=" " ind2=" ">
    <subfield code="7">ba0yba0y</subfield>
    <subfield code="8">fre   </subfield>
    <subfield code="a">Orchestre de l&apos;Opéra national de Paris</subfield>
  </datafield>
  <datafield tag="410" ind1=" " ind2=" ">
    <subfield code="7">ba0yba0y</subfield>
    <subfield code="8">fre   </subfield>
    <subfield code="a">Orchestre de l&apos;Opéra de Paris</subfield>
  </datafield>
  <datafield tag="410" ind1=" " ind2=" ">
    <subfield code="7">ba0yba0y</subfield>
    <subfield code="8">fre   </subfield>
    <subfield code="a">Orchestre de l&apos;Opéra Bastille</subfield>
  </datafield>
  <datafield tag="410" ind1=" " ind2=" ">
    <subfield code="7">ba0yba0y</subfield>
    <subfield code="8">fre   </subfield>
    <subfield code="a">Orchestre du Théâtre national de l&apos;opéra</subfield>
  </datafield>
  <datafield tag="410" ind1=" " ind2=" ">
    <subfield code="7">ba0yba0y</subfield>
    <subfield code="8">fre   </subfield>
    <subfield code="a">Orchestre de l&apos;Académie nationale de musique</subfield>
  </datafield>
  <datafield tag="500" ind1=" " ind2=" ">
    <subfield code="5">z</subfield>
    <subfield code="0">Dirigé par : </subfield>
    <subfield code="3">14655986</subfield>
    <subfield code="7">ba0yba0y</subfield>
    <subfield code="8">fre   </subfield>
    <subfield code="9"> 0 </subfield>
    <subfield code="a">Jordan</subfield>
    <subfield code="b">Philippe</subfield>
    <subfield code="f">1974-....</subfield>
  </datafield>
  <datafield tag="500" ind1=" " ind2=" ">
    <subfield code="5">z</subfield>
    <subfield code="0">Dirigé par : </subfield>
    <subfield code="3">13892679</subfield>
    <subfield code="7">ba0yba0y</subfield>
    <subfield code="8">fre   </subfield>
    <subfield code="9"> 0 </subfield>
    <subfield code="a">Conlon</subfield>
    <subfield code="b">James</subfield>
    <subfield code="f">1950-....</subfield>
  </datafield>
  <datafield tag="500" ind1=" " ind2=" ">
    <subfield code="5">z</subfield>
    <subfield code="0">Dirigé par : </subfield>
    <subfield code="3">13892505</subfield>
    <subfield code="7">ba0yba0y</subfield>
    <subfield code="8">fre   </subfield>
    <subfield code="9"> 0 </subfield>
    <subfield code="a">Chung</subfield>
    <subfield code="b">Myung-Whun</subfield>
    <subfield code="f">1953-....</subfield>
  </datafield>
  <datafield tag="500" ind1=" " ind2=" ">
    <subfield code="5">z</subfield>
    <subfield code="0">Dirigé par : </subfield>
    <subfield code="3">13900765</subfield>
    <subfield code="7">ba0yba0y</subfield>
    <subfield code="8">fre   </subfield>
    <subfield code="9"> 0 </subfield>
    <subfield code="a">Varviso</subfield>
    <subfield code="b">Silvio</subfield>
    <subfield code="f">1924-2006</subfield>
  </datafield>
  <datafield tag="500" ind1=" " ind2=" ">
    <subfield code="5">z</subfield>
    <subfield code="0">Dirigé par : </subfield>
    <subfield code="3">13893197</subfield>
    <subfield code="7">ba0yba0y</subfield>
    <subfield code="8">fre   </subfield>
    <subfield code="9"> 0 </subfield>
    <subfield code="a">Dervaux</subfield>
    <subfield code="b">Pierre</subfield>
    <subfield code="f">1917-1992</subfield>
  </datafield>
  <datafield tag="686" ind1=" " ind2=" ">
    <subfield code="a">780</subfield>
    <subfield code="c">Musique</subfield>
    <subfield code="2">Note de regroupement par domaine</subfield>
  </datafield>
  <datafield tag="801" ind1=" " ind2=" ">
    <subfield code="a">FR</subfield>
    <subfield code="b">FR-751131015</subfield>
    <subfield code="c">20110719</subfield>
  </datafield>
  <datafield tag="810" ind1=" " ind2=" ">
    <subfield code="a">Symphonie fantastique [Enregistrement sonore] / Hector Berlioz ; Orchestre National de la Radiodiffusion Française, Orchestre du Théâtre National de l&apos;Opéra,  André Cluytens. Testament SBT 1234</subfield>
    <subfield code="a">Eine Alpensinfonie [Enregistrement sonore] / Strauss, comp. ; Philippe Jordan, dir... [et al.]. Naïve V 5233</subfield>
  </datafield>
  <datafield tag="810" ind1=" " ind2=" ">
    <subfield code="a">LC authorities - http://authorities.loc.gov (2005-05-31)</subfield>
  </datafield>
  <datafield tag="856" ind1=" " ind2=" ">
    <subfield code="u">http://www.opera-de-paris.fr</subfield>
    <subfield code="e">2003-06-17</subfield>
  </datafield>
  <datafield tag="856" ind1=" " ind2=" ">
    <subfield code="u">http://authorities.loc.gov</subfield>
    <subfield code="e">2005-05-31</subfield>
  </datafield>
</record>