
<record format="UNIMARC" type="Authority">
  <leader>01027cx  a2200241   4500</leader>
  <controlfield tag="001">FRBNF140512109</controlfield>
  <controlfield tag="003">http://catalogue.bnf.fr/ark:/12148/cb14051210v</controlfield>
  <controlfield tag="005">20201005</controlfield>
  <datafield tag="010" ind1=" " ind2=" ">
    <subfield code="a">0000000119321232</subfield>
    <subfield code="2">VIAF</subfield>
    <subfield code="d">20130801</subfield>
  </datafield>
  <datafield tag="100" ind1=" " ind2=" ">
    <subfield code="a">20020329afrey50      ba0</subfield>
  </datafield>
  <datafield tag="102" ind1=" " ind2=" ">
    <subfield code="a">DE</subfield>
  </datafield>
  <datafield tag="103" ind1=" " ind2=" ">
    <subfield code="a"> 19440223  20011229</subfield>
  </datafield>
  <datafield tag="105" ind1=" " ind2=" ">
    <subfield code="a">a</subfield>
    <subfield code="a">i</subfield>
  </datafield>
  <datafield tag="106" ind1=" " ind2=" ">
    <subfield code="a">1</subfield>
  </datafield>
  <datafield tag="120" ind1=" " ind2=" ">
    <subfield code="a">b</subfield>
  </datafield>
  <datafield tag="152" ind1=" " ind2=" ">
    <subfield code="c">2</subfield>
  </datafield>
  <datafield tag="200" ind1=" " ind2=" ">
    <subfield code="7">ba0yba0y</subfield>
    <subfield code="8">fre   </subfield>
    <subfield code="9"> 0 </subfield>
    <subfield code="a">Fricke</subfield>
    <subfield code="b">Florian</subfield>
    <subfield code="f">1944-2001</subfield>
  </datafield>
  <datafield tag="300" ind1="0" ind2=" ">
    <subfield code="a">Compositeur et claviériste</subfield>
  </datafield>
  <datafield tag="510" ind1=" " ind2=" ">
    <subfield code="5">xxxk</subfield>
    <subfield code="0">Membre de : </subfield>
    <subfield code="3">13905863</subfield>
    <subfield code="7">ba0yba0y</subfield>
    <subfield code="8">fre   </subfield>
    <subfield code="9">20 </subfield>
    <subfield code="a">Popol Vuh</subfield>
  </datafield>
  <datafield tag="801" ind1=" " ind2=" ">
    <subfield code="a">FR</subfield>
    <subfield code="b">FR-751131015</subfield>
    <subfield code="c">20201005</subfield>
  </datafield>
  <datafield tag="810" ind1=" " ind2=" ">
    <subfield code="a">Keys of life [Enregistrement sonore] / Florian Fricke, Hans Otte, Peter Michael Hamel... [et al.], p. Celestial Harmonies CEL017</subfield>
  </datafield>
  <datafield tag="810" ind1=" " ind2=" ">
    <subfield code="a">AMG - http://allmusic.com (2002-03-29)</subfield>
    <subfield code="a">Dictionnaire du rock / Michka Assayas, 2000</subfield>
    <subfield code="a">Discogs - https://www.discogs.com/fr/artist/211850-Florian-Fricke (2020-10-05)</subfield>
  </datafield>
  <datafield tag="856" ind1=" " ind2=" ">
    <subfield code="u">http://allmusic.com</subfield>
    <subfield code="e">2002-03-29</subfield>
    <subfield code="u">https://www.discogs.com/fr/artist/211850-Florian-Fricke</subfield>
    <subfield code="e">2020-10-05</subfield>
  </datafield>
</record>