
<record format="UNIMARC" type="Authority">
  <leader>01140cx  a2200253   4500</leader>
  <controlfield tag="001">FRBNF168030549</controlfield>
  <controlfield tag="003">http://catalogue.bnf.fr/ark:/12148/cb168030541</controlfield>
  <controlfield tag="005">20200212</controlfield>
  <datafield tag="010" ind1=" " ind2=" ">
    <subfield code="a">0000000368974373</subfield>
    <subfield code="2">ISNI</subfield>
    <subfield code="d">20161107</subfield>
  </datafield>
  <datafield tag="100" ind1=" " ind2=" ">
    <subfield code="a">20140813afrey50      ba0</subfield>
  </datafield>
  <datafield tag="101" ind1=" " ind2=" ">
    <subfield code="a">fre</subfield>
  </datafield>
  <datafield tag="102" ind1=" " ind2=" ">
    <subfield code="a">FR</subfield>
  </datafield>
  <datafield tag="103" ind1=" " ind2=" ">
    <subfield code="a"> 19781011</subfield>
  </datafield>
  <datafield tag="105" ind1=" " ind2=" ">
    <subfield code="a">a</subfield>
  </datafield>
  <datafield tag="106" ind1=" " ind2=" ">
    <subfield code="a">1</subfield>
  </datafield>
  <datafield tag="120" ind1=" " ind2=" ">
    <subfield code="a">b</subfield>
  </datafield>
  <datafield tag="200" ind1=" " ind2=" ">
    <subfield code="7">ba0yba0y</subfield>
    <subfield code="8">fre   </subfield>
    <subfield code="9"> 0 </subfield>
    <subfield code="a">Svart</subfield>
    <subfield code="f">1978-....</subfield>
  </datafield>
  <datafield tag="300" ind1="0" ind2=" ">
    <subfield code="a">Illustrateur, auteur de bandes dessinées. - Pseudonyme de Fabrice Gagos. - Publie aussi sous son patronyme</subfield>
  </datafield>
  <datafield tag="500" ind1=" " ind2=" ">
    <subfield code="5">z</subfield>
    <subfield code="0">Voir aussi</subfield>
    <subfield code="3">16617500</subfield>
    <subfield code="7">ba0yba0y</subfield>
    <subfield code="8">fre   </subfield>
    <subfield code="9"> 0 </subfield>
    <subfield code="a">Gagos</subfield>
    <subfield code="b">Fabrice</subfield>
    <subfield code="f">1978-...</subfield>
  </datafield>
  <datafield tag="801" ind1=" " ind2=" ">
    <subfield code="a">FR</subfield>
    <subfield code="b">FR-751131015</subfield>
    <subfield code="c">20200212</subfield>
  </datafield>
  <datafield tag="810" ind1=" " ind2=" ">
    <subfield code="a">Snoopy et le petit monde des Peanuts. 2 / Charles M. Schulz ; couleurs Charles M. Schulz &amp; Svart, 2014</subfield>
    <subfield code="a">Le petit tapping : l&apos;EFT des enfants ! / Geneviève Gagos ; illustrations, Svart, DL 2015</subfield>
  </datafield>
  <datafield tag="810" ind1=" " ind2=" ">
    <subfield code="a">Bédéthèque : patronyme révélé - http://www.bedetheque.com/biblio-auteur-29812-BD-Gagos-Fabrice.html (2016-01-26)</subfield>
  </datafield>
  <datafield tag="856" ind1=" " ind2=" ">
    <subfield code="u">http://svart.fr/</subfield>
    <subfield code="e">2016-01-26</subfield>
  </datafield>
  <datafield tag="856" ind1=" " ind2=" ">
    <subfield code="u">http://www.bedetheque.com/biblio-auteur-29812-BD-Gagos-Fabrice.html</subfield>
    <subfield code="e">2016-01-26</subfield>
  </datafield>
</record>