
<record format="UNIMARC" type="Authority">
  <leader>01004nx  a2200205   4500</leader>
  <controlfield tag="001">FRBNF17975514X</controlfield>
  <controlfield tag="003">http://catalogue.bnf.fr/ark:/12148/cb17975514d</controlfield>
  <datafield tag="100" ind1=" " ind2=" ">
    <subfield code="a">20211021afrey50      ba0</subfield>
  </datafield>
  <datafield tag="101" ind1=" " ind2=" ">
    <subfield code="a">eng</subfield>
  </datafield>
  <datafield tag="102" ind1=" " ind2=" ">
    <subfield code="a">GB</subfield>
  </datafield>
  <datafield tag="103" ind1=" " ind2=" ">
    <subfield code="a"> 19220918  20130930</subfield>
  </datafield>
  <datafield tag="105" ind1=" " ind2=" ">
    <subfield code="a">a</subfield>
  </datafield>
  <datafield tag="106" ind1=" " ind2=" ">
    <subfield code="a">1</subfield>
  </datafield>
  <datafield tag="120" ind1=" " ind2=" ">
    <subfield code="a">b</subfield>
  </datafield>
  <datafield tag="152" ind1=" " ind2=" ">
    <subfield code="c">2</subfield>
  </datafield>
  <datafield tag="200" ind1=" " ind2=" ">
    <subfield code="7">ba0yba0y</subfield>
    <subfield code="8">fre   </subfield>
    <subfield code="9"> 0 </subfield>
    <subfield code="a">Elder</subfield>
    <subfield code="b">John</subfield>
    <subfield code="f">1922-2013</subfield>
  </datafield>
  <datafield tag="300" ind1="0" ind2=" ">
    <subfield code="a">Scénariste et producteur. - Pseudonyme de : Anthony Hinds</subfield>
  </datafield>
  <datafield tag="500" ind1=" " ind2=" ">
    <subfield code="5">z</subfield>
    <subfield code="0">Voir le nom réel</subfield>
    <subfield code="3">14095847</subfield>
    <subfield code="7">ba0yba0y</subfield>
    <subfield code="8">fre   </subfield>
    <subfield code="9"> 0 </subfield>
    <subfield code="a">Hinds</subfield>
    <subfield code="b">Anthony</subfield>
    <subfield code="f">1922-2013</subfield>
  </datafield>
  <datafield tag="801" ind1=" " ind2=" ">
    <subfield code="a">FR</subfield>
    <subfield code="b">FR-751131015</subfield>
    <subfield code="c">20211021</subfield>
  </datafield>
  <datafield tag="810" ind1=" " ind2=" ">
    <subfield code="a">Une messe pour Dracula / Peter Sasdy, réal.  ; John Elder, scénario ; Bram Stoker, id. orig.  ; Arthur Grant, photo ; James Bernard, comp.  ; Christopher Lee (Dracula), Geoffrey Keen (William Hargood), Gwen Watford (Martha Hargood), Linda Hayden (Alice Hargood)... [et al.], act. . - Paris : Warner home video France [éd.] ; Paris : Warner home video France [distrib.], 1985 (DL). - [Image animée : vidéo]</subfield>
  </datafield>
</record>