
<record format="UNIMARC" type="Authority">
  <leader>00856cx  a2200229   4500</leader>
  <controlfield tag="001">FRBNF139319376</controlfield>
  <controlfield tag="003">http://catalogue.bnf.fr/ark:/12148/cb13931937t</controlfield>
  <controlfield tag="005">20140724</controlfield>
  <datafield tag="010" ind1=" " ind2=" ">
    <subfield code="a">0000000121420985</subfield>
    <subfield code="2">VIAF</subfield>
    <subfield code="d">20130731</subfield>
  </datafield>
  <datafield tag="100" ind1=" " ind2=" ">
    <subfield code="a">19901207afrey50      ba0</subfield>
  </datafield>
  <datafield tag="102" ind1=" " ind2=" ">
    <subfield code="a">US</subfield>
  </datafield>
  <datafield tag="103" ind1=" " ind2=" ">
    <subfield code="a"> 19531209</subfield>
  </datafield>
  <datafield tag="105" ind1=" " ind2=" ">
    <subfield code="a">i</subfield>
    <subfield code="a">a</subfield>
    <subfield code="a">p</subfield>
  </datafield>
  <datafield tag="106" ind1=" " ind2=" ">
    <subfield code="a">010</subfield>
  </datafield>
  <datafield tag="120" ind1=" " ind2=" ">
    <subfield code="a">b</subfield>
  </datafield>
  <datafield tag="152" ind1=" " ind2=" ">
    <subfield code="c">2</subfield>
  </datafield>
  <datafield tag="200" ind1=" " ind2=" ">
    <subfield code="7">ba0yba0y</subfield>
    <subfield code="8">fre   </subfield>
    <subfield code="9"> 0 </subfield>
    <subfield code="a">Malkovich</subfield>
    <subfield code="b">John</subfield>
    <subfield code="f">1953-....</subfield>
  </datafield>
  <datafield tag="300" ind1=" " ind2=" ">
    <subfield code="a">Acteur et metteur en scène de théâtre et cinéma</subfield>
  </datafield>
  <datafield tag="801" ind1=" " ind2=" ">
    <subfield code="a">FR</subfield>
    <subfield code="b">FR-751131015</subfield>
    <subfield code="c">20140724</subfield>
  </datafield>
  <datafield tag="810" ind1=" " ind2=" ">
    <subfield code="a">Appelez-moi Kubrick [Images animées] / Brian Cook, réal. ; John Malkovich, Tom Allen, Nick Barber, act... [et al.]. Europacorp diffusion, [2006]</subfield>
  </datafield>
  <datafield tag="810" ind1=" " ind2=" ">
    <subfield code="a">IMDb - http://www.imdb.com/name/nm0000518/?ref_=fn_al_nm_1 (2014-07-24)</subfield>
  </datafield>
  <datafield tag="856" ind1=" " ind2=" ">
    <subfield code="u">http://www.imdb.com/name/nm0000518/?ref_=fn_al_nm_1</subfield>
    <subfield code="e">2014-07-24</subfield>
  </datafield>
</record>