
<record format="UNIMARC" type="Authority">
  <leader>00873cx  a2200229   4500</leader>
  <controlfield tag="001">FRBNF139305405</controlfield>
  <controlfield tag="003">http://catalogue.bnf.fr/ark:/12148/cb13930540c</controlfield>
  <controlfield tag="005">20131112</controlfield>
  <datafield tag="010" ind1=" " ind2=" ">
    <subfield code="a">0000000121204334</subfield>
    <subfield code="2">VIAF</subfield>
    <subfield code="d">20130731</subfield>
  </datafield>
  <datafield tag="100" ind1=" " ind2=" ">
    <subfield code="a">19901018afrey50      ba0</subfield>
  </datafield>
  <datafield tag="102" ind1=" " ind2=" ">
    <subfield code="a">US</subfield>
  </datafield>
  <datafield tag="103" ind1=" " ind2=" ">
    <subfield code="a"> 19550722</subfield>
  </datafield>
  <datafield tag="105" ind1=" " ind2=" ">
    <subfield code="a">i</subfield>
  </datafield>
  <datafield tag="106" ind1=" " ind2=" ">
    <subfield code="a">010</subfield>
  </datafield>
  <datafield tag="120" ind1=" " ind2=" ">
    <subfield code="a">b</subfield>
  </datafield>
  <datafield tag="152" ind1=" " ind2=" ">
    <subfield code="c">2</subfield>
  </datafield>
  <datafield tag="200" ind1=" " ind2=" ">
    <subfield code="7">ba0yba0y</subfield>
    <subfield code="8">fre   </subfield>
    <subfield code="9"> 0 </subfield>
    <subfield code="a">Dafoe</subfield>
    <subfield code="b">Willem</subfield>
    <subfield code="f">1955-....</subfield>
  </datafield>
  <datafield tag="300" ind1=" " ind2=" ">
    <subfield code="a">Acteur de cinéma. - Scénariste</subfield>
  </datafield>
  <datafield tag="801" ind1=" " ind2=" ">
    <subfield code="a">FR</subfield>
    <subfield code="b">FR-751131015</subfield>
    <subfield code="c">20131112</subfield>
  </datafield>
  <datafield tag="810" ind1=" " ind2=" ">
    <subfield code="a">Animal factory [Images animées] / Steve Buscemi, réal. ; Willem Dafoe, Edward Furlong, Danny Trejo, act...  [et al.]. Studio Canal+, [2002]</subfield>
  </datafield>
  <datafield tag="810" ind1=" " ind2=" ">
    <subfield code="a">Macmillan international film encyclopedia, 1994</subfield>
    <subfield code="a">IMDb - http://www.imdb.com/name/nm0000353/?ref_=fn_al_nm_1 (2013-11-12)</subfield>
  </datafield>
  <datafield tag="856" ind1=" " ind2=" ">
    <subfield code="u">http://www.imdb.com/name/nm0000353/?ref_=fn_al_nm_1</subfield>
    <subfield code="e">2013-11-12</subfield>
  </datafield>
</record>