
<record format="UNIMARC" type="Authority">
  <leader>00962cx  a2200241   4500</leader>
  <controlfield tag="001">FRBNF146547519</controlfield>
  <controlfield tag="003">http://catalogue.bnf.fr/ark:/12148/cb14654751k</controlfield>
  <controlfield tag="005">20210728</controlfield>
  <datafield tag="010" ind1=" " ind2=" ">
    <subfield code="a">0000000364544704</subfield>
    <subfield code="2">VIAF</subfield>
    <subfield code="d">20130802</subfield>
  </datafield>
  <datafield tag="039" ind1=" " ind2=" ">
    <subfield code="o">OPL</subfield>
    <subfield code="a">004837187</subfield>
  </datafield>
  <datafield tag="100" ind1=" " ind2=" ">
    <subfield code="a">20000505afrey50      ba0</subfield>
  </datafield>
  <datafield tag="101" ind1=" " ind2=" ">
    <subfield code="a">fre</subfield>
  </datafield>
  <datafield tag="102" ind1=" " ind2=" ">
    <subfield code="a">FR</subfield>
  </datafield>
  <datafield tag="103" ind1=" " ind2=" ">
    <subfield code="a"> 1963</subfield>
  </datafield>
  <datafield tag="105" ind1=" " ind2=" ">
    <subfield code="a">a</subfield>
    <subfield code="a">c</subfield>
    <subfield code="a">p</subfield>
    <subfield code="d">h</subfield>
    <subfield code="a">i</subfield>
  </datafield>
  <datafield tag="106" ind1=" " ind2=" ">
    <subfield code="a">010</subfield>
  </datafield>
  <datafield tag="120" ind1=" " ind2=" ">
    <subfield code="a">b</subfield>
  </datafield>
  <datafield tag="200" ind1=" " ind2=" ">
    <subfield code="7">ba0yba0y</subfield>
    <subfield code="8">fre   </subfield>
    <subfield code="9"> 0 </subfield>
    <subfield code="a">Jeanneteau</subfield>
    <subfield code="b">Daniel</subfield>
    <subfield code="f">1963-....</subfield>
  </datafield>
  <datafield tag="300" ind1=" " ind2=" ">
    <subfield code="a">Metteur en scène et scénographe. - Dessinateur. - Directeur artistique de la Part du vent</subfield>
  </datafield>
  <datafield tag="510" ind1=" " ind2=" ">
    <subfield code="3">15023928</subfield>
    <subfield code="7">ba0yba0y</subfield>
    <subfield code="8">fre   </subfield>
    <subfield code="9">20 </subfield>
    <subfield code="a">La Part du vent</subfield>
  </datafield>
  <datafield tag="801" ind1=" " ind2=" ">
    <subfield code="a">FR</subfield>
    <subfield code="b">FR-751131015</subfield>
    <subfield code="c">20210728</subfield>
  </datafield>
  <datafield tag="810" ind1=" " ind2=" ">
    <subfield code="a">Holocauste [Spectacle] : fragments / mise en scène de Claude Régy ; scénographie de Daniel Jeanneteau. - Paris : Théâtre national de la colline, 1998</subfield>
    <subfield code="a">Denis Schneider : peintures / [postface de Daniel Jeanneteau], 1999</subfield>
  </datafield>
  <datafield tag="810" ind1=" " ind2=" ">
    <subfield code="a">Revue d&apos;esthétique, n° 26, 1994</subfield>
  </datafield>
</record>