
<record format="UNIMARC" type="Authority">
  <leader>00875cx  a2200229   4500</leader>
  <controlfield tag="001">FRBNF146862326</controlfield>
  <controlfield tag="003">http://catalogue.bnf.fr/ark:/12148/cb146862321</controlfield>
  <controlfield tag="005">20210810</controlfield>
  <datafield tag="010" ind1=" " ind2=" ">
    <subfield code="a">0000000503355701</subfield>
    <subfield code="2">ISNI</subfield>
    <subfield code="d">20210818</subfield>
  </datafield>
  <datafield tag="100" ind1=" " ind2=" ">
    <subfield code="a">20050825afrey50      ba0</subfield>
  </datafield>
  <datafield tag="101" ind1=" " ind2=" ">
    <subfield code="a">jpn</subfield>
  </datafield>
  <datafield tag="102" ind1=" " ind2=" ">
    <subfield code="a">JP</subfield>
  </datafield>
  <datafield tag="103" ind1=" " ind2=" ">
    <subfield code="a"> 1935</subfield>
  </datafield>
  <datafield tag="105" ind1=" " ind2=" ">
    <subfield code="a">a</subfield>
    <subfield code="a">c</subfield>
  </datafield>
  <datafield tag="106" ind1=" " ind2=" ">
    <subfield code="a">010</subfield>
  </datafield>
  <datafield tag="120" ind1=" " ind2=" ">
    <subfield code="a">a</subfield>
  </datafield>
  <datafield tag="152" ind1=" " ind2=" ">
    <subfield code="c">2</subfield>
  </datafield>
  <datafield tag="200" ind1=" " ind2=" ">
    <subfield code="7">ba0yba0y</subfield>
    <subfield code="8">fre   </subfield>
    <subfield code="9"> 0 </subfield>
    <subfield code="a">Kruk-Nishioka</subfield>
    <subfield code="b">Reiko</subfield>
    <subfield code="f">1935-....</subfield>
  </datafield>
  <datafield tag="300" ind1=" " ind2=" ">
    <subfield code="a">Costumière de théâtre, maquilleuse</subfield>
  </datafield>
  <datafield tag="400" ind1=" " ind2=" ">
    <subfield code="7">ba0yba0y</subfield>
    <subfield code="8">fre   </subfield>
    <subfield code="a">Nishioka</subfield>
    <subfield code="b">Reiko Kruk-</subfield>
  </datafield>
  <datafield tag="801" ind1=" " ind2=" ">
    <subfield code="a">FR</subfield>
    <subfield code="b">FR-751131015</subfield>
    <subfield code="c">20210810</subfield>
  </datafield>
  <datafield tag="810" ind1=" " ind2=" ">
    <subfield code="a">Hôtel de l&apos;Homme Sauvage [spectacle] / mise en scène de Stuart Seide ; costumes de Reiko Kurk ... - Paris : Théâtre national de Chaillot, 1985</subfield>
    <subfield code="a">Les libellules rouges / Reiko Kruk-Nishioka ; traduit du japonais par Patrick Honnoré ; illustrations de Reiko Kruk, DL 2020</subfield>
  </datafield>
</record>