
<record format="UNIMARC" type="Authority">
  <leader>01119cx  a2200229   4500</leader>
  <controlfield tag="001">FRBNF150550510</controlfield>
  <controlfield tag="003">http://catalogue.bnf.fr/ark:/12148/cb150550510</controlfield>
  <controlfield tag="005">20140516</controlfield>
  <datafield tag="010" ind1=" " ind2=" ">
    <subfield code="a">0000000120279756</subfield>
    <subfield code="2">VIAF</subfield>
    <subfield code="d">20130805</subfield>
  </datafield>
  <datafield tag="039" ind1=" " ind2=" ">
    <subfield code="o">OPP</subfield>
    <subfield code="a">14606583</subfield>
    <subfield code="d">20060413</subfield>
  </datafield>
  <datafield tag="100" ind1=" " ind2=" ">
    <subfield code="a">20060331afrey50      ba0</subfield>
  </datafield>
  <datafield tag="101" ind1=" " ind2=" ">
    <subfield code="a">fre</subfield>
  </datafield>
  <datafield tag="102" ind1=" " ind2=" ">
    <subfield code="a">XX</subfield>
  </datafield>
  <datafield tag="103" ind1=" " ind2=" ">
    <subfield code="a"> 19700602</subfield>
  </datafield>
  <datafield tag="105" ind1=" " ind2=" ">
    <subfield code="a">a</subfield>
    <subfield code="a">p</subfield>
  </datafield>
  <datafield tag="106" ind1=" " ind2=" ">
    <subfield code="a">1</subfield>
  </datafield>
  <datafield tag="120" ind1=" " ind2=" ">
    <subfield code="a">b</subfield>
  </datafield>
  <datafield tag="152" ind1=" " ind2=" ">
    <subfield code="c">2</subfield>
  </datafield>
  <datafield tag="200" ind1=" " ind2=" ">
    <subfield code="7">ba0yba0y</subfield>
    <subfield code="8">fre   </subfield>
    <subfield code="9"> 0 </subfield>
    <subfield code="a">Vezyroglou</subfield>
    <subfield code="b">Dimitri</subfield>
    <subfield code="f">1970-....</subfield>
  </datafield>
  <datafield tag="300" ind1="0" ind2=" ">
    <subfield code="a">Docteur en histoire (Paris 1, 2001), agrégé d&apos;histoire. - Maître de conférences en histoire du cinéma à l&apos;Université Paris 1 Panthéon-Sorbonne, membre de l&apos;équipe d&apos;accueil Histoire culturelle et sociales de l&apos;art, HiCSA (en 2014)</subfield>
  </datafield>
  <datafield tag="801" ind1=" " ind2=" ">
    <subfield code="a">FR</subfield>
    <subfield code="b">FR-751131015</subfield>
    <subfield code="c">20140516</subfield>
  </datafield>
  <datafield tag="810" ind1=" " ind2=" ">
    <subfield code="a">Silence, on tourne ! : Annie Vernay et le cinéma des années 30 : [exposition, Contes, Médiathèque municipale... 2005] / [organisée par les Amis du Musée de Contes et la Bibliothèque municipale de Contes] ; [textes de Dimitri Vezyroglou], [2005]</subfield>
    <subfield code="a">Le cinéma en France à la veille du parlant / Dimitri Vezyroglou, impr. 2011</subfield>
  </datafield>
</record>