
<record format="UNIMARC" type="Authority">
  <leader>01076cx  a2200289   4500</leader>
  <controlfield tag="001">FRBNF139397250</controlfield>
  <controlfield tag="003">http://catalogue.bnf.fr/ark:/12148/cb139397256</controlfield>
  <controlfield tag="005">20140127</controlfield>
  <datafield tag="010" ind1=" " ind2=" ">
    <subfield code="a">0000000081543111</subfield>
    <subfield code="2">ISNI</subfield>
    <subfield code="d">20170818</subfield>
  </datafield>
  <datafield tag="039" ind1=" " ind2=" ">
    <subfield code="o">OPL</subfield>
    <subfield code="a">000363090</subfield>
  </datafield>
  <datafield tag="039" ind1=" " ind2=" ">
    <subfield code="o">OPP</subfield>
    <subfield code="a">11886574</subfield>
    <subfield code="d">20100414</subfield>
  </datafield>
  <datafield tag="100" ind1=" " ind2=" ">
    <subfield code="a">19910626afrey50      ba0</subfield>
  </datafield>
  <datafield tag="102" ind1=" " ind2=" ">
    <subfield code="a">US</subfield>
  </datafield>
  <datafield tag="103" ind1=" " ind2=" ">
    <subfield code="a"> 19020922  19881031</subfield>
  </datafield>
  <datafield tag="105" ind1=" " ind2=" ">
    <subfield code="a">a</subfield>
    <subfield code="a">i</subfield>
  </datafield>
  <datafield tag="106" ind1=" " ind2=" ">
    <subfield code="a">010</subfield>
  </datafield>
  <datafield tag="120" ind1=" " ind2=" ">
    <subfield code="a">b</subfield>
  </datafield>
  <datafield tag="152" ind1=" " ind2=" ">
    <subfield code="c">2</subfield>
  </datafield>
  <datafield tag="200" ind1=" " ind2=" ">
    <subfield code="7">ba0yba0y</subfield>
    <subfield code="8">fre   </subfield>
    <subfield code="9"> 0 </subfield>
    <subfield code="a">Houseman</subfield>
    <subfield code="b">John</subfield>
    <subfield code="f">1902-1988</subfield>
  </datafield>
  <datafield tag="300" ind1=" " ind2=" ">
    <subfield code="a">Acteur, producteur</subfield>
  </datafield>
  <datafield tag="301" ind1=" " ind2=" ">
    <subfield code="a">Bucarest, Roumanie</subfield>
    <subfield code="b">Malibu, Californie</subfield>
  </datafield>
  <datafield tag="400" ind1=" " ind2=" ">
    <subfield code="7">ba0yba0y</subfield>
    <subfield code="8">fre   </subfield>
    <subfield code="a">Hausman</subfield>
    <subfield code="b">Jacques</subfield>
    <subfield code="f">1902-1988</subfield>
  </datafield>
  <datafield tag="400" ind1=" " ind2=" ">
    <subfield code="7">ba0yba0y</subfield>
    <subfield code="8">fre   </subfield>
    <subfield code="a">Haussmann</subfield>
    <subfield code="b">Jacques</subfield>
    <subfield code="f">1902-1988</subfield>
  </datafield>
  <datafield tag="801" ind1=" " ind2=" ">
    <subfield code="a">FR</subfield>
    <subfield code="b">FR-751131015</subfield>
    <subfield code="c">20140127</subfield>
  </datafield>
  <datafield tag="810" ind1=" " ind2=" ">
    <subfield code="a">Julius Caesar [Enregistrement sonore] : dialogues et thèmes musicaux du film / Miklos Rozsa, comp. ; John Houseman, voix. RDM-édition CD667</subfield>
  </datafield>
  <datafield tag="810" ind1=" " ind2=" ">
    <subfield code="a">IMDB - http://www.imdb.com/name/nm0002144/?ref_=fn_nm_nm_1 (2014-01-27)</subfield>
  </datafield>
  <datafield tag="856" ind1=" " ind2=" ">
    <subfield code="u">http://www.imdb.com/name/nm0002144/?ref_=fn_nm_nm_1</subfield>
    <subfield code="e">2014-01-27</subfield>
  </datafield>
</record>