
<record format="UNIMARC" type="Authority">
  <leader>01327cx  a2200265   4500</leader>
  <controlfield tag="001">FRBNF126790150</controlfield>
  <controlfield tag="003">http://catalogue.bnf.fr/ark:/12148/cb126790154</controlfield>
  <controlfield tag="005">20121210</controlfield>
  <datafield tag="010" ind1=" " ind2=" ">
    <subfield code="a">0000000081701706</subfield>
    <subfield code="2">VIAF</subfield>
    <subfield code="d">20130729</subfield>
  </datafield>
  <datafield tag="039" ind1=" " ind2=" ">
    <subfield code="o">OPL</subfield>
    <subfield code="a">003012456</subfield>
  </datafield>
  <datafield tag="100" ind1=" " ind2=" ">
    <subfield code="a">19840101afrey50      ba0</subfield>
  </datafield>
  <datafield tag="101" ind1=" " ind2=" ">
    <subfield code="a">eng</subfield>
  </datafield>
  <datafield tag="102" ind1=" " ind2=" ">
    <subfield code="a">CA</subfield>
  </datafield>
  <datafield tag="103" ind1=" " ind2=" ">
    <subfield code="a"> 19390226</subfield>
  </datafield>
  <datafield tag="105" ind1=" " ind2=" ">
    <subfield code="a">a</subfield>
  </datafield>
  <datafield tag="106" ind1=" " ind2=" ">
    <subfield code="a">1</subfield>
  </datafield>
  <datafield tag="120" ind1=" " ind2=" ">
    <subfield code="a">a</subfield>
  </datafield>
  <datafield tag="152" ind1=" " ind2=" ">
    <subfield code="c">2</subfield>
  </datafield>
  <datafield tag="200" ind1=" " ind2=" ">
    <subfield code="7">ba0yba0y</subfield>
    <subfield code="8">fre   </subfield>
    <subfield code="9"> 0 </subfield>
    <subfield code="a">Miller</subfield>
    <subfield code="b">Elizabeth Russel</subfield>
    <subfield code="f">1939-....</subfield>
  </datafield>
  <datafield tag="300" ind1="0" ind2=" ">
    <subfield code="a">Auteur de nombreuses publications sur Bram Stocker (1847-1912). - Professeur d&apos;anglais, Memorial university of Newfoundland, Saint John&apos;s, Canada (en 2012). - Présidente de: Transylvanian society of Dracula, Canada, et éditrice de: &quot;Journal of Dracula studies&quot; (en 2012)</subfield>
  </datafield>
  <datafield tag="400" ind1=" " ind2=" ">
    <subfield code="7">ba0yba0y</subfield>
    <subfield code="8">fre   </subfield>
    <subfield code="a">Miller</subfield>
    <subfield code="b">Elizabeth</subfield>
    <subfield code="f">1939-....</subfield>
  </datafield>
  <datafield tag="801" ind1=" " ind2=" ">
    <subfield code="a">FR</subfield>
    <subfield code="b">FR-751131015</subfield>
    <subfield code="c">20121210</subfield>
  </datafield>
  <datafield tag="810" ind1=" " ind2=" ">
    <subfield code="a">Bram Stoker&apos;s &quot;Dracula&quot; : a documentary volume / ed. by Elizabeth Miller, 2005</subfield>
    <subfield code="a">The lost journal of Bram Stoker : the Dublin years / edited by Elizabeth Miller &amp; Dacre Stoker, 2012</subfield>
  </datafield>
  <datafield tag="810" ind1=" " ind2=" ">
    <subfield code="a">Bibliothèque nationale, Canada - http://amicus.collectionscanada.ca (2005-08-09)</subfield>
    <subfield code="a">LCNA : Miller, Elizabeth - http://authorities.loc.gov (2005-08-09)</subfield>
  </datafield>
  <datafield tag="856" ind1=" " ind2=" ">
    <subfield code="u">http://amicus.collectionscanada.ca</subfield>
    <subfield code="e">2005-08-09</subfield>
    <subfield code="u">http://authorities.loc.gov</subfield>
    <subfield code="e">2005-08-09</subfield>
  </datafield>
</record>