
<record format="UNIMARC" type="Authority">
  <leader>01066cx  a2200241   4500</leader>
  <controlfield tag="001">FRBNF150579056</controlfield>
  <controlfield tag="003">http://catalogue.bnf.fr/ark:/12148/cb15057905s</controlfield>
  <controlfield tag="005">20210316</controlfield>
  <datafield tag="010" ind1=" " ind2=" ">
    <subfield code="a">0000000002546542</subfield>
    <subfield code="2">ISNI</subfield>
    <subfield code="d">20210324</subfield>
  </datafield>
  <datafield tag="100" ind1=" " ind2=" ">
    <subfield code="a">20060413afrey50      ba0</subfield>
  </datafield>
  <datafield tag="101" ind1=" " ind2=" ">
    <subfield code="a">ita</subfield>
  </datafield>
  <datafield tag="102" ind1=" " ind2=" ">
    <subfield code="a">IT</subfield>
  </datafield>
  <datafield tag="103" ind1=" " ind2=" ">
    <subfield code="a"> 19710730</subfield>
  </datafield>
  <datafield tag="105" ind1=" " ind2=" ">
    <subfield code="a">a</subfield>
  </datafield>
  <datafield tag="106" ind1=" " ind2=" ">
    <subfield code="a">1</subfield>
  </datafield>
  <datafield tag="120" ind1=" " ind2=" ">
    <subfield code="a">a</subfield>
  </datafield>
  <datafield tag="152" ind1=" " ind2=" ">
    <subfield code="c">2</subfield>
  </datafield>
  <datafield tag="200" ind1=" " ind2=" ">
    <subfield code="7">ba0yba0y</subfield>
    <subfield code="8">fre   </subfield>
    <subfield code="9"> 0 </subfield>
    <subfield code="a">Palma</subfield>
    <subfield code="b">Paola</subfield>
    <subfield code="f">1971-....</subfield>
  </datafield>
  <datafield tag="300" ind1="0" ind2=" ">
    <subfield code="a">Enseignante à l&apos;Ecole du Louvre (en 2021). - Docteur en littérature et philologie. - Agrégée de lettres (Italie)</subfield>
  </datafield>
  <datafield tag="801" ind1=" " ind2=" ">
    <subfield code="a">FR</subfield>
    <subfield code="b">FR-751131015</subfield>
    <subfield code="c">20210316</subfield>
  </datafield>
  <datafield tag="810" ind1=" " ind2=" ">
    <subfield code="a">In pagina e in palco : suggestioni sceniche nell&apos;opera di Colette / Paola Palma ; prefazione di Marzia Pieri, 2004</subfield>
    <subfield code="a">&quot;Nosferatu le vampire&quot; / Paola Palma, Dimitri Vezyroglou. - Neuilly : Atlande, DL 2021. - [Texte noté]</subfield>
  </datafield>
  <datafield tag="810" ind1=" " ind2=" ">
    <subfield code="a">ICCU, Istituto centrale per il catalogo unico - http://opac.sbn.it (2006-04-14)</subfield>
    <subfield code="a">LCNA - http://authorities.loc.gov (2006-04-13)</subfield>
  </datafield>
  <datafield tag="856" ind1=" " ind2=" ">
    <subfield code="u">http://opac.sbn.it</subfield>
    <subfield code="e">2006-04-14</subfield>
    <subfield code="u">http://authorities.loc.gov</subfield>
    <subfield code="e">2006-04-13</subfield>
  </datafield>
</record>