
<record format="UNIMARC" type="Authority">
  <leader>01260cx  a2200253   4500</leader>
  <controlfield tag="001">FRBNF11913982X</controlfield>
  <controlfield tag="003">http://catalogue.bnf.fr/ark:/12148/cb11913982f</controlfield>
  <controlfield tag="005">20160118</controlfield>
  <datafield tag="010" ind1=" " ind2=" ">
    <subfield code="a">000000010775791X</subfield>
    <subfield code="2">VIAF</subfield>
    <subfield code="d">20130724</subfield>
  </datafield>
  <datafield tag="039" ind1=" " ind2=" ">
    <subfield code="o">OPL</subfield>
    <subfield code="a">001066640</subfield>
  </datafield>
  <datafield tag="100" ind1=" " ind2=" ">
    <subfield code="a">19760219afrey50      ba0</subfield>
  </datafield>
  <datafield tag="101" ind1=" " ind2=" ">
    <subfield code="a">fre</subfield>
  </datafield>
  <datafield tag="102" ind1=" " ind2=" ">
    <subfield code="a">FR</subfield>
  </datafield>
  <datafield tag="103" ind1=" " ind2=" ">
    <subfield code="a"> 19..</subfield>
  </datafield>
  <datafield tag="105" ind1=" " ind2=" ">
    <subfield code="a">a</subfield>
  </datafield>
  <datafield tag="106" ind1=" " ind2=" ">
    <subfield code="a">1</subfield>
  </datafield>
  <datafield tag="120" ind1=" " ind2=" ">
    <subfield code="a">b</subfield>
  </datafield>
  <datafield tag="200" ind1=" " ind2=" ">
    <subfield code="7">ba0yba0y</subfield>
    <subfield code="8">fre   </subfield>
    <subfield code="9"> 0 </subfield>
    <subfield code="a">Maillet</subfield>
    <subfield code="b">Dominique</subfield>
    <subfield code="f">19..-....</subfield>
    <subfield code="c">cinéaste</subfield>
  </datafield>
  <datafield tag="300" ind1="0" ind2=" ">
    <subfield code="a">Cinéaste et journaliste. - Co-fondateur de la revue &quot;Cinématographe&quot;. Producteur de courts métrages et documentariste</subfield>
  </datafield>
  <datafield tag="801" ind1=" " ind2=" ">
    <subfield code="a">FR</subfield>
    <subfield code="b">FR-751131015</subfield>
    <subfield code="c">20160118</subfield>
  </datafield>
  <datafield tag="810" ind1=" " ind2=" ">
    <subfield code="a">Philippe Noiret / Dominique Maillet, 1989</subfield>
    <subfield code="a">An lumière ! les directeurs de la photographie vus par les cinéastes / entretiens réalisés par Dominique Maillet, 2001</subfield>
  </datafield>
  <datafield tag="810" ind1=" " ind2=" ">
    <subfield code="a">IMDb - http://www.imdb.com/name/nm0537608 (2014-01-16)</subfield>
    <subfield code="a">UniFrance - http://www.unifrance.org/annuaires/personne/32029/dominique-maillet (2016-01-18)</subfield>
  </datafield>
  <datafield tag="815" ind1=" " ind2=" ">
    <subfield code="a">Courrier, 1994-05, Ed. Veyrier (12 rue de Nesle, 75006, Paris) : retour à l&apos;envoyeur, n&apos;habite plus à l&apos;adresse indiquée</subfield>
  </datafield>
  <datafield tag="856" ind1=" " ind2=" ">
    <subfield code="u">http://www.imdb.com/name/nm0537608</subfield>
    <subfield code="e">2014-01-16</subfield>
    <subfield code="u">http://www.unifrance.org/annuaires/personne/32029/dominique-maillet</subfield>
    <subfield code="e">2016-01-18</subfield>
  </datafield>
</record>