
<record format="UNIMARC" type="Authority">
  <leader>00936cx  a2200229   4500</leader>
  <controlfield tag="001">FRBNF14067231X</controlfield>
  <controlfield tag="003">http://catalogue.bnf.fr/ark:/12148/cb14067231g</controlfield>
  <controlfield tag="005">20220304</controlfield>
  <datafield tag="010" ind1=" " ind2=" ">
    <subfield code="a">0000000072457211</subfield>
    <subfield code="2">VIAF</subfield>
    <subfield code="d">20130801</subfield>
  </datafield>
  <datafield tag="100" ind1=" " ind2=" ">
    <subfield code="a">20021004afrey50      ba0</subfield>
  </datafield>
  <datafield tag="102" ind1=" " ind2=" ">
    <subfield code="a">GB</subfield>
  </datafield>
  <datafield tag="103" ind1=" " ind2=" ">
    <subfield code="a"> 19440918  20220227</subfield>
  </datafield>
  <datafield tag="105" ind1=" " ind2=" ">
    <subfield code="a">i</subfield>
  </datafield>
  <datafield tag="106" ind1=" " ind2=" ">
    <subfield code="a">1</subfield>
  </datafield>
  <datafield tag="120" ind1=" " ind2=" ">
    <subfield code="a">a</subfield>
  </datafield>
  <datafield tag="152" ind1=" " ind2=" ">
    <subfield code="c">2</subfield>
  </datafield>
  <datafield tag="200" ind1=" " ind2=" ">
    <subfield code="7">ba0yba0y</subfield>
    <subfield code="8">fre   </subfield>
    <subfield code="9"> 0 </subfield>
    <subfield code="a">Carlson</subfield>
    <subfield code="b">Veronica</subfield>
    <subfield code="f">1944-2022</subfield>
  </datafield>
  <datafield tag="300" ind1="0" ind2=" ">
    <subfield code="a">Actrice</subfield>
  </datafield>
  <datafield tag="801" ind1=" " ind2=" ">
    <subfield code="a">FR</subfield>
    <subfield code="b">FR-751131015</subfield>
    <subfield code="c">20220304</subfield>
  </datafield>
  <datafield tag="810" ind1=" " ind2=" ">
    <subfield code="a">Dracula et les femmes / Freddie Francis, réal. ; Bram Stoker, aut. adapté ; John Elder, scénario ; James Bernard, comp. ; Christopher Lee, Rupert Davies, Veronica Carlson... [et al.], act.. - [Neuilly-sur-Seine] : Warner home video France [éd., distrib.], [DL 2004]. - [Image animée : vidéo]</subfield>
  </datafield>
  <datafield tag="810" ind1=" " ind2=" ">
    <subfield code="a">IMDb - https://www.imdb.com/name/nm0138040 (2022-03-04)</subfield>
  </datafield>
  <datafield tag="856" ind1=" " ind2=" ">
    <subfield code="u">https://www.imdb.com/name/nm0138040/</subfield>
    <subfield code="e">2022-03-04</subfield>
  </datafield>
</record>