
<record format="UNIMARC" type="Authority">
  <leader>00989cx  a2200217   4500</leader>
  <controlfield tag="001">FRBNF13930210X</controlfield>
  <controlfield tag="003">http://catalogue.bnf.fr/ark:/12148/cb13930210m</controlfield>
  <controlfield tag="005">20131223</controlfield>
  <datafield tag="100" ind1=" " ind2=" ">
    <subfield code="a">19901009afrey50      ba0</subfield>
  </datafield>
  <datafield tag="101" ind1=" " ind2=" ">
    <subfield code="a">fre</subfield>
  </datafield>
  <datafield tag="102" ind1=" " ind2=" ">
    <subfield code="a">FR</subfield>
  </datafield>
  <datafield tag="103" ind1=" " ind2=" ">
    <subfield code="a"> 19..</subfield>
  </datafield>
  <datafield tag="105" ind1=" " ind2=" ">
    <subfield code="a">a</subfield>
    <subfield code="a">i</subfield>
  </datafield>
  <datafield tag="106" ind1=" " ind2=" ">
    <subfield code="a">1</subfield>
  </datafield>
  <datafield tag="120" ind1=" " ind2=" ">
    <subfield code="a">b</subfield>
  </datafield>
  <datafield tag="200" ind1=" " ind2=" ">
    <subfield code="7">ba0yba0y</subfield>
    <subfield code="8">fre   </subfield>
    <subfield code="9"> 0 </subfield>
    <subfield code="a">Val</subfield>
    <subfield code="b">Pierre</subfield>
  </datafield>
  <datafield tag="300" ind1="0" ind2=" ">
    <subfield code="a">Acteur, metteur en scène et adaptateur</subfield>
  </datafield>
  <datafield tag="801" ind1=" " ind2=" ">
    <subfield code="a">FR</subfield>
    <subfield code="b">FR-751131015</subfield>
    <subfield code="c">20131223</subfield>
  </datafield>
  <datafield tag="810" ind1=" " ind2=" ">
    <subfield code="a">Le système du docteur plume et du professeur goudron [Spectacle] / mise en scène et adaptation Pierre Val. - Metz, Opéra-Théâtre, 2004</subfield>
  </datafield>
  <datafield tag="810" ind1=" " ind2=" ">
    <subfield code="a">IMDB - http://www.imdb.com/name/nm0883427 (2013-12-23)</subfield>
    <subfield code="a">Wikipedia - http://fr.wikipedia.org/wiki/Pierre_Val (2013-12-23)</subfield>
    <subfield code="a">École de musique et de danse de Woippy - http://www.woippymusique.fr/t.htm (2013-12-23)</subfield>
  </datafield>
  <datafield tag="856" ind1=" " ind2=" ">
    <subfield code="u">http://www.imdb.com/name/nm0883427/</subfield>
    <subfield code="e">2013-12-23</subfield>
    <subfield code="u">http://fr.wikipedia.org/wiki/Pierre_Val</subfield>
    <subfield code="e">2013-12-23</subfield>
    <subfield code="u">http://www.woippymusique.fr/t.htm</subfield>
    <subfield code="e">2013-12-23</subfield>
  </datafield>
</record>