
<record format="UNIMARC" type="Authority">
  <leader>01135cx  a2200277   4500</leader>
  <controlfield tag="001">FRBNF141176832</controlfield>
  <controlfield tag="003">http://catalogue.bnf.fr/ark:/12148/cb14117683z</controlfield>
  <controlfield tag="005">20161021</controlfield>
  <datafield tag="010" ind1=" " ind2=" ">
    <subfield code="a">0000000116648619</subfield>
    <subfield code="2">VIAF</subfield>
    <subfield code="d">20130801</subfield>
  </datafield>
  <datafield tag="039" ind1=" " ind2=" ">
    <subfield code="o">OPP</subfield>
    <subfield code="a">14268859</subfield>
    <subfield code="d">20061122</subfield>
  </datafield>
  <datafield tag="100" ind1=" " ind2=" ">
    <subfield code="a">20030310afrey50      ba0</subfield>
  </datafield>
  <datafield tag="101" ind1=" " ind2=" ">
    <subfield code="a">eng</subfield>
  </datafield>
  <datafield tag="102" ind1=" " ind2=" ">
    <subfield code="a">CA</subfield>
  </datafield>
  <datafield tag="103" ind1=" " ind2=" ">
    <subfield code="a"> 19560228</subfield>
  </datafield>
  <datafield tag="105" ind1=" " ind2=" ">
    <subfield code="a">a</subfield>
    <subfield code="a">p</subfield>
  </datafield>
  <datafield tag="106" ind1=" " ind2=" ">
    <subfield code="a">010</subfield>
  </datafield>
  <datafield tag="120" ind1=" " ind2=" ">
    <subfield code="a">b</subfield>
  </datafield>
  <datafield tag="152" ind1=" " ind2=" ">
    <subfield code="c">2</subfield>
  </datafield>
  <datafield tag="200" ind1=" " ind2=" ">
    <subfield code="7">ba0yba0y</subfield>
    <subfield code="8">fre   </subfield>
    <subfield code="9"> 0 </subfield>
    <subfield code="a">Maddin</subfield>
    <subfield code="b">Guy</subfield>
    <subfield code="f">1956-....</subfield>
  </datafield>
  <datafield tag="300" ind1=" " ind2=" ">
    <subfield code="a">Réalisateur, scénariste, producteur</subfield>
  </datafield>
  <datafield tag="530" ind1=" " ind2=" ">
    <subfield code="5">z</subfield>
    <subfield code="0">Réalisateur de : </subfield>
    <subfield code="3">16557059</subfield>
    <subfield code="a">Winnipeg mon amour (film)</subfield>
  </datafield>
  <datafield tag="686" ind1=" " ind2=" ">
    <subfield code="a">791</subfield>
    <subfield code="c">Audiovisuel</subfield>
    <subfield code="2">Note de regroupement par domaine</subfield>
  </datafield>
  <datafield tag="801" ind1=" " ind2=" ">
    <subfield code="a">FR</subfield>
    <subfield code="b">FR-751131015</subfield>
    <subfield code="c">20161021</subfield>
  </datafield>
  <datafield tag="810" ind1=" " ind2=" ">
    <subfield code="a">Careful [images animées] / Guy Maddin, réal. E.D. Distribution, [2005]</subfield>
    <subfield code="a">Into the past : the cinema of Guy Maddin / William Beard, 2010</subfield>
  </datafield>
  <datafield tag="810" ind1=" " ind2=" ">
    <subfield code="a">IMDb - http://www.imdb.fr/name/nm0534665 (2012-11-09)</subfield>
    <subfield code="a">VIAF - https://viaf.org/viaf/68539079/#Maddin,_Guy,_1956-... (2016-10-21)</subfield>
  </datafield>
  <datafield tag="856" ind1=" " ind2=" ">
    <subfield code="u">http://www.imdb.fr/name/nm0534665/</subfield>
    <subfield code="e">2012-11-09</subfield>
    <subfield code="u">https://viaf.org/viaf/68539079/#Maddin,_Guy,_1956-....</subfield>
    <subfield code="e">2016-10-21</subfield>
  </datafield>
</record>