
<record format="UNIMARC" type="Authority">
  <leader>01316cx  a2200289   4500</leader>
  <controlfield tag="001">FRBNF140074970</controlfield>
  <controlfield tag="003">http://catalogue.bnf.fr/ark:/12148/cb14007497q</controlfield>
  <controlfield tag="005">20220322</controlfield>
  <datafield tag="010" ind1=" " ind2=" ">
    <subfield code="a">0000000081422184</subfield>
    <subfield code="2">ISNI</subfield>
    <subfield code="d">20150312</subfield>
  </datafield>
  <datafield tag="010" ind1=" " ind2=" ">
    <subfield code="y">0000000059455609</subfield>
    <subfield code="2">VIAF</subfield>
    <subfield code="d">20130801</subfield>
  </datafield>
  <datafield tag="100" ind1=" " ind2=" ">
    <subfield code="a">19971206afrey50      ba0</subfield>
  </datafield>
  <datafield tag="101" ind1=" " ind2=" ">
    <subfield code="a">eng</subfield>
  </datafield>
  <datafield tag="102" ind1=" " ind2=" ">
    <subfield code="a">US</subfield>
  </datafield>
  <datafield tag="103" ind1=" " ind2=" ">
    <subfield code="a"> 18891022  19540308</subfield>
  </datafield>
  <datafield tag="105" ind1=" " ind2=" ">
    <subfield code="a">a</subfield>
  </datafield>
  <datafield tag="106" ind1=" " ind2=" ">
    <subfield code="a">1</subfield>
  </datafield>
  <datafield tag="120" ind1=" " ind2=" ">
    <subfield code="a">b</subfield>
  </datafield>
  <datafield tag="152" ind1=" " ind2=" ">
    <subfield code="c">2</subfield>
  </datafield>
  <datafield tag="200" ind1=" " ind2=" ">
    <subfield code="7">ba0yba0y</subfield>
    <subfield code="8">fre   </subfield>
    <subfield code="9"> 0 </subfield>
    <subfield code="a">Balderston</subfield>
    <subfield code="b">John L.</subfield>
    <subfield code="f">1889-1954</subfield>
  </datafield>
  <datafield tag="300" ind1="0" ind2=" ">
    <subfield code="a">Dramaturge et scénariste</subfield>
  </datafield>
  <datafield tag="301" ind1=" " ind2=" ">
    <subfield code="a">Philadelphie (Pennsylvanie, États-Unis)</subfield>
    <subfield code="b">Los Angeles (Californie, États-Unis)</subfield>
  </datafield>
  <datafield tag="400" ind1=" " ind2=" ">
    <subfield code="7">ba0yba0y</subfield>
    <subfield code="8">fre   </subfield>
    <subfield code="a">Balderston</subfield>
    <subfield code="b">John</subfield>
    <subfield code="f">1889-1954</subfield>
  </datafield>
  <datafield tag="400" ind1=" " ind2=" ">
    <subfield code="7">ba0yba0y</subfield>
    <subfield code="8">fre   </subfield>
    <subfield code="a">Balderston</subfield>
    <subfield code="b">John Lloyd</subfield>
    <subfield code="f">1889-1954</subfield>
  </datafield>
  <datafield tag="801" ind1=" " ind2=" ">
    <subfield code="a">FR</subfield>
    <subfield code="b">FR-751131015</subfield>
    <subfield code="c">20220322</subfield>
  </datafield>
  <datafield tag="810" ind1=" " ind2=" ">
    <subfield code="a">Gaslight [Images animées] / George Cukor, réal. ; John Van Druten, Walter Reisch, John L. Balderston, scénario, 1994</subfield>
    <subfield code="a">L&apos;ennemi bien-aimée [Images animées] / Henry C. Potter, réal. ; John Balderston, Rose Franker, William Brown Meloney, scénario, 1991</subfield>
  </datafield>
  <datafield tag="810" ind1=" " ind2=" ">
    <subfield code="a">IMDb - https://www.imdb.com/name/nm0049721/?ref_=fn_al_nm_1 (2005-04-23) (2022-03-22)</subfield>
    <subfield code="a">The MacMillan international film encyclopedia</subfield>
  </datafield>
  <datafield tag="856" ind1=" " ind2=" ">
    <subfield code="u">https://www.imdb.com/name/nm0049721/?ref_=fn_al_nm_1</subfield>
    <subfield code="e">2005-04-23</subfield>
    <subfield code="e">2022-03-22</subfield>
  </datafield>
</record>