
<record format="UNIMARC" type="Authority">
  <leader>01199cx  a2200301   4500</leader>
  <controlfield tag="001">FRBNF138951693</controlfield>
  <controlfield tag="003">http://catalogue.bnf.fr/ark:/12148/cb138951698</controlfield>
  <controlfield tag="005">20160506</controlfield>
  <datafield tag="010" ind1=" " ind2=" ">
    <subfield code="a">0000000121210662</subfield>
    <subfield code="2">VIAF</subfield>
    <subfield code="d">20130731</subfield>
  </datafield>
  <datafield tag="039" ind1=" " ind2=" ">
    <subfield code="o">OPL</subfield>
    <subfield code="a">010577281</subfield>
  </datafield>
  <datafield tag="039" ind1=" " ind2=" ">
    <subfield code="o">OPP</subfield>
    <subfield code="a">16366427</subfield>
    <subfield code="d">20160506</subfield>
  </datafield>
  <datafield tag="100" ind1=" " ind2=" ">
    <subfield code="a">19890601afrey50      ba0</subfield>
  </datafield>
  <datafield tag="101" ind1=" " ind2=" ">
    <subfield code="a">eng</subfield>
  </datafield>
  <datafield tag="102" ind1=" " ind2=" ">
    <subfield code="a">US</subfield>
  </datafield>
  <datafield tag="103" ind1=" " ind2=" ">
    <subfield code="a"> 19110629  19751224</subfield>
  </datafield>
  <datafield tag="105" ind1=" " ind2=" ">
    <subfield code="a">a</subfield>
    <subfield code="a">i</subfield>
    <subfield code="a">p</subfield>
  </datafield>
  <datafield tag="106" ind1=" " ind2=" ">
    <subfield code="a">010</subfield>
  </datafield>
  <datafield tag="120" ind1=" " ind2=" ">
    <subfield code="a">b</subfield>
  </datafield>
  <datafield tag="152" ind1=" " ind2=" ">
    <subfield code="c">2</subfield>
  </datafield>
  <datafield tag="200" ind1=" " ind2=" ">
    <subfield code="7">ba0yba0y</subfield>
    <subfield code="8">fre   </subfield>
    <subfield code="9"> 0 </subfield>
    <subfield code="a">Herrmann</subfield>
    <subfield code="b">Bernard</subfield>
    <subfield code="f">1911-1975</subfield>
  </datafield>
  <datafield tag="300" ind1=" " ind2=" ">
    <subfield code="a">Arrangeur, compositeur de musique de films et chef d&apos;orchestre</subfield>
  </datafield>
  <datafield tag="301" ind1=" " ind2=" ">
    <subfield code="a">New York</subfield>
    <subfield code="b">Los Angeles (Calif.)</subfield>
  </datafield>
  <datafield tag="400" ind1=" " ind2=" ">
    <subfield code="7">ba0yba0y</subfield>
    <subfield code="8">fre   </subfield>
    <subfield code="a">Hermann</subfield>
    <subfield code="b">Bernard</subfield>
    <subfield code="f">1911-1975</subfield>
  </datafield>
  <datafield tag="686" ind1=" " ind2=" ">
    <subfield code="a">780</subfield>
    <subfield code="c">Musique</subfield>
    <subfield code="2">Note de regroupement par domaine</subfield>
  </datafield>
  <datafield tag="801" ind1=" " ind2=" ">
    <subfield code="a">FR</subfield>
    <subfield code="b">FR-751131015</subfield>
    <subfield code="c">20160506</subfield>
  </datafield>
  <datafield tag="810" ind1=" " ind2=" ">
    <subfield code="a">The 3 worlds of Gulliver [Enregistrement sonore] / Bernard Herrmann, comp... [et al.]. Cloud Nine CN4003</subfield>
    <subfield code="a">L&apos;affaire Cicéron [Images animées] / Joseph L. Mankiewicz, réal., scénario; [...] Bernard Hermann, comp... [et al.], [2004]</subfield>
  </datafield>
  <datafield tag="810" ind1=" " ind2=" ">
    <subfield code="a">LC authorities - http://authorities.loc.gov (2004-11-15)</subfield>
    <subfield code="a">Grove 6</subfield>
  </datafield>
  <datafield tag="856" ind1=" " ind2=" ">
    <subfield code="u">http://authorities.loc.gov/</subfield>
    <subfield code="e">2004-11-15</subfield>
  </datafield>
</record>