
<record format="UNIMARC" type="Authority">
  <leader>02664cx  b2200493   4500</leader>
  <controlfield tag="001">FRBNF118656461</controlfield>
  <controlfield tag="003">http://catalogue.bnf.fr/ark:/12148/cb118656463</controlfield>
  <controlfield tag="005">20180511</controlfield>
  <datafield tag="010" ind1=" " ind2=" ">
    <subfield code="a">0000000123224603</subfield>
    <subfield code="2">ISNI</subfield>
    <subfield code="d">20131217</subfield>
  </datafield>
  <datafield tag="039" ind1=" " ind2=" ">
    <subfield code="o">OPL</subfield>
    <subfield code="a">00003620X</subfield>
    <subfield code="z">ACO</subfield>
  </datafield>
  <datafield tag="039" ind1=" " ind2=" ">
    <subfield code="o">OPL</subfield>
    <subfield code="a">001612491</subfield>
    <subfield code="z">AMA</subfield>
  </datafield>
  <datafield tag="039" ind1=" " ind2=" ">
    <subfield code="o">OPP</subfield>
    <subfield code="a">14711795</subfield>
    <subfield code="d">20060523</subfield>
  </datafield>
  <datafield tag="039" ind1=" " ind2=" ">
    <subfield code="o">OPP</subfield>
    <subfield code="a">14950291</subfield>
    <subfield code="d">20090122</subfield>
  </datafield>
  <datafield tag="039" ind1=" " ind2=" ">
    <subfield code="o">OPP</subfield>
    <subfield code="a">10757431</subfield>
    <subfield code="d">20090622</subfield>
  </datafield>
  <datafield tag="039" ind1=" " ind2=" ">
    <subfield code="o">OPP</subfield>
    <subfield code="a">11361436</subfield>
    <subfield code="d">20090622</subfield>
  </datafield>
  <datafield tag="039" ind1=" " ind2=" ">
    <subfield code="o">OPP</subfield>
    <subfield code="a">11357806</subfield>
    <subfield code="d">20090622</subfield>
  </datafield>
  <datafield tag="100" ind1=" " ind2=" ">
    <subfield code="a">19840126afrey50      ba0</subfield>
  </datafield>
  <datafield tag="101" ind1=" " ind2=" ">
    <subfield code="a">fre</subfield>
  </datafield>
  <datafield tag="102" ind1=" " ind2=" ">
    <subfield code="a">FR</subfield>
  </datafield>
  <datafield tag="103" ind1=" " ind2=" ">
    <subfield code="a"> 18710712</subfield>
  </datafield>
  <datafield tag="105" ind1=" " ind2=" ">
    <subfield code="a">a</subfield>
    <subfield code="a">i</subfield>
    <subfield code="c">a</subfield>
    <subfield code="d">h</subfield>
    <subfield code="c">e</subfield>
    <subfield code="d">a</subfield>
    <subfield code="d">r</subfield>
    <subfield code="c">p</subfield>
  </datafield>
  <datafield tag="106" ind1=" " ind2=" ">
    <subfield code="a">011</subfield>
  </datafield>
  <datafield tag="150" ind1=" " ind2=" ">
    <subfield code="a">z</subfield>
    <subfield code="b">t</subfield>
  </datafield>
  <datafield tag="210" ind1=" " ind2=" ">
    <subfield code="7">ba0yba0y</subfield>
    <subfield code="8">fre   </subfield>
    <subfield code="9">20 </subfield>
    <subfield code="a">Opéra national de Paris</subfield>
  </datafield>
  <datafield tag="300" ind1=" " ind2=" ">
    <subfield code="a">A pour origine l&apos;Académie royale (impériale, puis nationale) de musique devenue Théâtre national de l&apos;Opéra le 12-07-1871</subfield>
  </datafield>
  <datafield tag="300" ind1=" " ind2=" ">
    <subfield code="a">Principales étapes et noms correspondants : nationalisé en 1939, l&apos;Opéra de Paris regroupe le Palais Garnier et la Salle Favart ; 07-01-1978) : Théâtre national de l&apos;Opéra de Paris ; 1990 : Opéra de Paris (D. 90-295 du 02-04-1990) ; 1994 : Opéra national de Paris (D. 94-111 du 05-02-1994)</subfield>
  </datafield>
  <datafield tag="303" ind1=" " ind2=" ">
    <subfield code="a">120 rue de Lyon, 75012 Paris</subfield>
  </datafield>
  <datafield tag="330" ind1=" " ind2=" ">
    <subfield code="a">A distinguer des salles particulières : Palais Garnier et Opéra de la Bastille</subfield>
  </datafield>
  <datafield tag="410" ind1=" " ind2=" ">
    <subfield code="7">ba0yba0y</subfield>
    <subfield code="8">fre   </subfield>
    <subfield code="a">TNOP</subfield>
  </datafield>
  <datafield tag="410" ind1=" " ind2=" ">
    <subfield code="7">ba0yba0y</subfield>
    <subfield code="8">fre   </subfield>
    <subfield code="a">Théâtre National Opéra de Paris</subfield>
  </datafield>
  <datafield tag="410" ind1=" " ind2=" ">
    <subfield code="7">ba0yba0y</subfield>
    <subfield code="8">fre   </subfield>
    <subfield code="a">Opéra de Paris</subfield>
    <subfield code="c">1871-....)</subfield>
  </datafield>
  <datafield tag="410" ind1=" " ind2=" ">
    <subfield code="7">ba0yba0y</subfield>
    <subfield code="8">fre   </subfield>
    <subfield code="a">Théâtre de l&apos;Opéra</subfield>
    <subfield code="c">Paris</subfield>
  </datafield>
  <datafield tag="410" ind1=" " ind2=" ">
    <subfield code="7">ba0yba0y</subfield>
    <subfield code="8">fre   </subfield>
    <subfield code="a">Théâtre national de l&apos;Opéra</subfield>
    <subfield code="c">Paris</subfield>
  </datafield>
  <datafield tag="510" ind1=" " ind2=" ">
    <subfield code="5">z</subfield>
    <subfield code="0">Regroupe</subfield>
    <subfield code="3">13905501</subfield>
    <subfield code="7">ba0yba0y</subfield>
    <subfield code="8">fre   </subfield>
    <subfield code="9">20 </subfield>
    <subfield code="a">Opéra national de Paris</subfield>
    <subfield code="b">Choeur</subfield>
  </datafield>
  <datafield tag="510" ind1=" " ind2=" ">
    <subfield code="5">z</subfield>
    <subfield code="0">Regroupe</subfield>
    <subfield code="3">11945309</subfield>
    <subfield code="7">ba0yba0y</subfield>
    <subfield code="8">fre   </subfield>
    <subfield code="9">20 </subfield>
    <subfield code="a">Opéra national de Paris</subfield>
    <subfield code="b">Ballet</subfield>
  </datafield>
  <datafield tag="510" ind1=" " ind2=" ">
    <subfield code="5">z</subfield>
    <subfield code="0">Regroupe</subfield>
    <subfield code="3">16584823</subfield>
    <subfield code="7">ba0yba0y</subfield>
    <subfield code="8">fre   </subfield>
    <subfield code="9">20 </subfield>
    <subfield code="a">Opéra national de Paris</subfield>
    <subfield code="b">Atelier lyrique</subfield>
  </datafield>
  <datafield tag="510" ind1=" " ind2=" ">
    <subfield code="5">a</subfield>
    <subfield code="0">Avant le 12 juillet 1871, voir</subfield>
    <subfield code="3">12296045</subfield>
    <subfield code="7">ba0yba0y</subfield>
    <subfield code="8">fre   </subfield>
    <subfield code="9">20 </subfield>
    <subfield code="a">Académie nationale de musique et de danse</subfield>
    <subfield code="c">France</subfield>
  </datafield>
  <datafield tag="510" ind1=" " ind2=" ">
    <subfield code="5">h</subfield>
    <subfield code="0">Comprend : </subfield>
    <subfield code="3">12128289</subfield>
    <subfield code="7">ba0yba0y</subfield>
    <subfield code="8">fre   </subfield>
    <subfield code="9">20 </subfield>
    <subfield code="a">Opéra Bastille</subfield>
    <subfield code="c">Paris</subfield>
  </datafield>
  <datafield tag="515" ind1=" " ind2=" ">
    <subfield code="5">z</subfield>
    <subfield code="3">11938732</subfield>
    <subfield code="7">ba0yba0y</subfield>
    <subfield code="8">fre   </subfield>
    <subfield code="a">Paris (France)</subfield>
    <subfield code="x">Palais Garnier</subfield>
  </datafield>
  <datafield tag="550" ind1=" " ind2=" ">
    <subfield code="5">g</subfield>
    <subfield code="3">14482590</subfield>
    <subfield code="7">ba0yba0y</subfield>
    <subfield code="8">fre   </subfield>
    <subfield code="a">Opéras (constructions)</subfield>
    <subfield code="y">France</subfield>
  </datafield>
  <datafield tag="686" ind1=" " ind2=" ">
    <subfield code="a">790</subfield>
    <subfield code="c">Spectacles et loisirs (généralités)</subfield>
    <subfield code="2">Note de regroupement par domaine</subfield>
  </datafield>
  <datafield tag="801" ind1=" " ind2=" ">
    <subfield code="a">FR</subfield>
    <subfield code="b">FR-751131015</subfield>
    <subfield code="c">20180511</subfield>
  </datafield>
  <datafield tag="810" ind1=" " ind2=" ">
    <subfield code="a">JO, 1990-04-04</subfield>
    <subfield code="a">JO, 1994-02-09</subfield>
    <subfield code="a">BA 2003</subfield>
    <subfield code="a">Histoire de l&apos;Opéra de Paris : 1669-1971, portrait de chanteurs,  cop.  1977</subfield>
    <subfield code="a">L&apos;Opéra au Palais Garnier : 1875-1962, 1962</subfield>
    <subfield code="a">Mourre</subfield>
  </datafield>
  <datafield tag="856" ind1=" " ind2=" ">
    <subfield code="u">https://www.operadeparis.fr</subfield>
    <subfield code="e">2018-05-11</subfield>
  </datafield>
</record>