
<record format="UNIMARC" type="Authority">
  <leader>01100cx  a2200217   4500</leader>
  <controlfield tag="001">FRBNF158913390</controlfield>
  <controlfield tag="003">http://catalogue.bnf.fr/ark:/12148/cb158913396</controlfield>
  <controlfield tag="005">20211006</controlfield>
  <datafield tag="010" ind1=" " ind2=" ">
    <subfield code="a">0000000078246722</subfield>
    <subfield code="2">VIAF</subfield>
    <subfield code="d">20130806</subfield>
  </datafield>
  <datafield tag="100" ind1=" " ind2=" ">
    <subfield code="a">20081231afrey50      ba0</subfield>
  </datafield>
  <datafield tag="102" ind1=" " ind2=" ">
    <subfield code="a">ES</subfield>
  </datafield>
  <datafield tag="103" ind1=" " ind2=" ">
    <subfield code="a"> 19690429</subfield>
  </datafield>
  <datafield tag="105" ind1=" " ind2=" ">
    <subfield code="a">a</subfield>
    <subfield code="a">i</subfield>
    <subfield code="a">p</subfield>
    <subfield code="a">c</subfield>
  </datafield>
  <datafield tag="106" ind1=" " ind2=" ">
    <subfield code="a">010</subfield>
  </datafield>
  <datafield tag="120" ind1=" " ind2=" ">
    <subfield code="a">b</subfield>
  </datafield>
  <datafield tag="152" ind1=" " ind2=" ">
    <subfield code="c">2</subfield>
  </datafield>
  <datafield tag="200" ind1=" " ind2=" ">
    <subfield code="7">ba0yba0y</subfield>
    <subfield code="8">fre   </subfield>
    <subfield code="9"> 0 </subfield>
    <subfield code="a">Martinez</subfield>
    <subfield code="b">José</subfield>
    <subfield code="f">1969-....</subfield>
    <subfield code="c">danseur</subfield>
  </datafield>
  <datafield tag="300" ind1=" " ind2=" ">
    <subfield code="a">Danseur. - Chorégraphe (depuis 2002). - Premier danseur (1992), puis étoile (1997) de l&apos;Opéra de Paris. - Scénographe</subfield>
  </datafield>
  <datafield tag="801" ind1=" " ind2=" ">
    <subfield code="a">FR</subfield>
    <subfield code="b">FR-751131015</subfield>
    <subfield code="c">20211006</subfield>
  </datafield>
  <datafield tag="810" ind1=" " ind2=" ">
    <subfield code="a">Les enfants du paradis, ballet en deux actes d&apos;après le scénario de Jacques Prévert, musique [de] Marc-Olivier Dupin, chorégraphie [de] José Martinez..., Ballet de l&apos;Opéra : [programme, Palais Garnier, 21 octobre 2008] / Opéra national de Paris, 2008</subfield>
  </datafield>
  <datafield tag="810" ind1=" " ind2=" ">
    <subfield code="a">José Martinez : un hidalgo au Palais Garnier / José Martinez [et al.], participant. In : Danseurs étoiles de l&apos;Opéra de Paris [Images animées] / Jean-Marie David, réal. CasaDei productions, [2012]</subfield>
  </datafield>
</record>