
<record format="UNIMARC" type="Authority">
  <leader>01182cx  a2200253   4500</leader>
  <controlfield tag="001">FRBNF138942833</controlfield>
  <controlfield tag="003">http://catalogue.bnf.fr/ark:/12148/cb13894283v</controlfield>
  <controlfield tag="005">20190219</controlfield>
  <datafield tag="010" ind1=" " ind2=" ">
    <subfield code="a">0000000115766840</subfield>
    <subfield code="2">VIAF</subfield>
    <subfield code="d">20130731</subfield>
  </datafield>
  <datafield tag="039" ind1=" " ind2=" ">
    <subfield code="o">OPP</subfield>
    <subfield code="a">14655432</subfield>
    <subfield code="d">20070605</subfield>
  </datafield>
  <datafield tag="100" ind1=" " ind2=" ">
    <subfield code="a">19890601afrey50      ba0</subfield>
  </datafield>
  <datafield tag="101" ind1=" " ind2=" ">
    <subfield code="a">ger</subfield>
  </datafield>
  <datafield tag="102" ind1=" " ind2=" ">
    <subfield code="a">CH</subfield>
  </datafield>
  <datafield tag="103" ind1=" " ind2=" ">
    <subfield code="a"> 19410322  20190215</subfield>
  </datafield>
  <datafield tag="105" ind1=" " ind2=" ">
    <subfield code="a">i</subfield>
    <subfield code="a">p</subfield>
  </datafield>
  <datafield tag="106" ind1=" " ind2=" ">
    <subfield code="a">010</subfield>
  </datafield>
  <datafield tag="120" ind1=" " ind2=" ">
    <subfield code="a">b</subfield>
  </datafield>
  <datafield tag="152" ind1=" " ind2=" ">
    <subfield code="c">2</subfield>
  </datafield>
  <datafield tag="200" ind1=" " ind2=" ">
    <subfield code="7">ba0yba0y</subfield>
    <subfield code="8">fre   </subfield>
    <subfield code="9"> 0 </subfield>
    <subfield code="a">Ganz</subfield>
    <subfield code="b">Bruno</subfield>
    <subfield code="f">1941-2019</subfield>
  </datafield>
  <datafield tag="300" ind1=" " ind2=" ">
    <subfield code="a">Acteur de théâtre, cinéma et télévision. - Réalisateur. - Il fonde la compagnie de théâtre &quot;Schaubühne&quot; à Berlin avec Peter Stein (1970)</subfield>
  </datafield>
  <datafield tag="301" ind1=" " ind2=" ">
    <subfield code="a">Zurich (Suisse)</subfield>
    <subfield code="b">Zurich (Suisse)</subfield>
  </datafield>
  <datafield tag="801" ind1=" " ind2=" ">
    <subfield code="a">FR</subfield>
    <subfield code="b">FR-751131015</subfield>
    <subfield code="c">20190219</subfield>
  </datafield>
  <datafield tag="810" ind1=" " ind2=" ">
    <subfield code="a">Les ailes du désir [Enregistrement sonore] : bande originale du film / Jüurgen Knieper, comp.  ; Bruno Ganz, Solveig Dammartin, voix ; Nick Cave and the bad Seeds, groupe voc. et instr.,1987</subfield>
  </datafield>
  <datafield tag="810" ind1=" " ind2=" ">
    <subfield code="a">BNF-ASP. Bruno Ganz : dossier biographique, 1977</subfield>
    <subfield code="a">Dureau</subfield>
    <subfield code="a">Les gens du cinéma = The people of the movie world / André Siscot, 1998</subfield>
    <subfield code="a">Le Figaro [article nécrologique], 2019-02-18</subfield>
    <subfield code="a">Le Monde [article nécrologique], 2019-02-19</subfield>
  </datafield>
</record>