
<record format="UNIMARC" type="Authority">
  <leader>00945cx  a2200253   4500</leader>
  <controlfield tag="001">FRBNF125848615</controlfield>
  <controlfield tag="003">http://catalogue.bnf.fr/ark:/12148/cb12584861b</controlfield>
  <controlfield tag="005">20060222</controlfield>
  <datafield tag="010" ind1=" " ind2=" ">
    <subfield code="a">0000000121220369</subfield>
    <subfield code="2">VIAF</subfield>
    <subfield code="d">20130729</subfield>
  </datafield>
  <datafield tag="039" ind1=" " ind2=" ">
    <subfield code="o">OPL</subfield>
    <subfield code="a">000381793</subfield>
    <subfield code="z">APP</subfield>
  </datafield>
  <datafield tag="039" ind1=" " ind2=" ">
    <subfield code="o">OPL</subfield>
    <subfield code="a">003891730</subfield>
    <subfield code="z">AMA</subfield>
  </datafield>
  <datafield tag="100" ind1=" " ind2=" ">
    <subfield code="a">19801014afrey50      ba0</subfield>
  </datafield>
  <datafield tag="101" ind1=" " ind2=" ">
    <subfield code="a">fre</subfield>
  </datafield>
  <datafield tag="102" ind1=" " ind2=" ">
    <subfield code="a">FR</subfield>
  </datafield>
  <datafield tag="103" ind1=" " ind2=" ">
    <subfield code="a"> 19550627</subfield>
  </datafield>
  <datafield tag="105" ind1=" " ind2=" ">
    <subfield code="a">a</subfield>
    <subfield code="a">i</subfield>
    <subfield code="a">p</subfield>
  </datafield>
  <datafield tag="106" ind1=" " ind2=" ">
    <subfield code="a">010</subfield>
  </datafield>
  <datafield tag="120" ind1=" " ind2=" ">
    <subfield code="a">a</subfield>
  </datafield>
  <datafield tag="200" ind1=" " ind2=" ">
    <subfield code="7">ba0yba0y</subfield>
    <subfield code="8">fre   </subfield>
    <subfield code="9"> 0 </subfield>
    <subfield code="a">Adjani</subfield>
    <subfield code="b">Isabelle</subfield>
    <subfield code="f">1955-....</subfield>
  </datafield>
  <datafield tag="300" ind1=" " ind2=" ">
    <subfield code="a">Actrice de théâtre et de cinéma</subfield>
  </datafield>
  <datafield tag="686" ind1=" " ind2=" ">
    <subfield code="a">790</subfield>
    <subfield code="c">Spectacles et loisirs (généralités)</subfield>
    <subfield code="2">Note de regroupement par domaine</subfield>
  </datafield>
  <datafield tag="801" ind1=" " ind2=" ">
    <subfield code="a">FR</subfield>
    <subfield code="b">FR-751131015</subfield>
    <subfield code="c">20060222</subfield>
  </datafield>
  <datafield tag="810" ind1=" " ind2=" ">
    <subfield code="a">Comédiennes aujourd&apos;hui / Isabelle Adjani, Isabelle Huppert, Dominique Laffin, Miou Miou, Christine Pascal, Maria Schneider ; au micro et sous le regard de Jean-Luc Doin, 1980</subfield>
  </datafield>
  <datafield tag="810" ind1=" " ind2=" ">
    <subfield code="a">Boussinot, 1995</subfield>
    <subfield code="a">Les gens du cinéma / André Siscot, 1998</subfield>
  </datafield>
</record>