
<record format="UNIMARC" type="Authority">
  <leader>01205cx  a2200241   4500</leader>
  <controlfield tag="001">FRBNF119027973</controlfield>
  <controlfield tag="003">http://catalogue.bnf.fr/ark:/12148/cb11902797g</controlfield>
  <controlfield tag="005">20190405</controlfield>
  <datafield tag="010" ind1=" " ind2=" ">
    <subfield code="a">0000000120236609</subfield>
    <subfield code="2">VIAF</subfield>
    <subfield code="d">20130724</subfield>
  </datafield>
  <datafield tag="039" ind1=" " ind2=" ">
    <subfield code="o">OPL</subfield>
    <subfield code="a">000764603</subfield>
  </datafield>
  <datafield tag="100" ind1=" " ind2=" ">
    <subfield code="a">19750205afrey50      ba0</subfield>
  </datafield>
  <datafield tag="101" ind1=" " ind2=" ">
    <subfield code="a">fre</subfield>
  </datafield>
  <datafield tag="102" ind1=" " ind2=" ">
    <subfield code="a">BE</subfield>
  </datafield>
  <datafield tag="103" ind1=" " ind2=" ">
    <subfield code="a"> 19440329</subfield>
  </datafield>
  <datafield tag="105" ind1=" " ind2=" ">
    <subfield code="a">a</subfield>
  </datafield>
  <datafield tag="106" ind1=" " ind2=" ">
    <subfield code="a">1</subfield>
  </datafield>
  <datafield tag="120" ind1=" " ind2=" ">
    <subfield code="a">b</subfield>
  </datafield>
  <datafield tag="152" ind1=" " ind2=" ">
    <subfield code="c">2</subfield>
  </datafield>
  <datafield tag="200" ind1=" " ind2=" ">
    <subfield code="7">ba0yba0y</subfield>
    <subfield code="8">fre   </subfield>
    <subfield code="9"> 0 </subfield>
    <subfield code="a">Finné</subfield>
    <subfield code="b">Jacques</subfield>
    <subfield code="f">1944-....</subfield>
  </datafield>
  <datafield tag="300" ind1="0" ind2=" ">
    <subfield code="a">Traduit de l&apos;anglais et du néerlandais en français</subfield>
  </datafield>
  <datafield tag="300" ind1="0" ind2=" ">
    <subfield code="a">Critique littéraire. - Spécialiste de la démonologie et des récits fantastiques</subfield>
  </datafield>
  <datafield tag="801" ind1=" " ind2=" ">
    <subfield code="a">FR</subfield>
    <subfield code="b">FR-751131015</subfield>
    <subfield code="c">20190405</subfield>
  </datafield>
  <datafield tag="810" ind1=" " ind2=" ">
    <subfield code="a">L&apos;Anneau : roman / Gust Van Brussel ; traduit du néerlandais et postfacé par Jacques Finné, 1975</subfield>
    <subfield code="a">La Femme de marbre : contes fantastiques / Hugh B. Cave ; choisis, trad. de l&apos;américain et présentés par J. Finné, 1988</subfield>
    <subfield code="a">Opéra sans musique : introduction à l&apos;art lyrique / Jacques Finné, 1982</subfield>
    <subfield code="a">L&apos;étreint de glace et autres histoires surnaturelles écrites par des Victoriennes / choix des textes et postface de Jacques Finné ; traduction de Jacques Finné &amp; Jessica Stabile. - [Paris] : Éditions Corti, 2019.</subfield>
  </datafield>
</record>