
<record format="UNIMARC" type="Authority">
  <leader>01101cx  a2200277   4500</leader>
  <controlfield tag="001">FRBNF122135293</controlfield>
  <controlfield tag="003">http://catalogue.bnf.fr/ark:/12148/cb12213529t</controlfield>
  <controlfield tag="005">20220307</controlfield>
  <datafield tag="010" ind1=" " ind2=" ">
    <subfield code="a">0000000122843808</subfield>
    <subfield code="2">VIAF</subfield>
    <subfield code="d">20130725</subfield>
  </datafield>
  <datafield tag="039" ind1=" " ind2=" ">
    <subfield code="o">OPL</subfield>
    <subfield code="a">007799966</subfield>
    <subfield code="z">AMA</subfield>
  </datafield>
  <datafield tag="039" ind1=" " ind2=" ">
    <subfield code="o">OPL</subfield>
    <subfield code="a">007606132</subfield>
    <subfield code="z">APP</subfield>
  </datafield>
  <datafield tag="100" ind1=" " ind2=" ">
    <subfield code="a">19910729afrey50      ba0</subfield>
  </datafield>
  <datafield tag="101" ind1=" " ind2=" ">
    <subfield code="a">eng</subfield>
  </datafield>
  <datafield tag="102" ind1=" " ind2=" ">
    <subfield code="a">GB</subfield>
  </datafield>
  <datafield tag="103" ind1=" " ind2=" ">
    <subfield code="a"> 19220527  20150607</subfield>
  </datafield>
  <datafield tag="105" ind1=" " ind2=" ">
    <subfield code="a">a</subfield>
    <subfield code="a">i</subfield>
  </datafield>
  <datafield tag="106" ind1=" " ind2=" ">
    <subfield code="a">010</subfield>
  </datafield>
  <datafield tag="120" ind1=" " ind2=" ">
    <subfield code="a">b</subfield>
  </datafield>
  <datafield tag="152" ind1=" " ind2=" ">
    <subfield code="c">2</subfield>
  </datafield>
  <datafield tag="200" ind1=" " ind2=" ">
    <subfield code="7">ba0yba0y</subfield>
    <subfield code="8">fre   </subfield>
    <subfield code="9"> 0 </subfield>
    <subfield code="a">Lee</subfield>
    <subfield code="b">Christopher</subfield>
    <subfield code="f">1922-2015</subfield>
  </datafield>
  <datafield tag="300" ind1=" " ind2=" ">
    <subfield code="a">Acteur et chanteur</subfield>
  </datafield>
  <datafield tag="301" ind1=" " ind2=" ">
    <subfield code="a">Londres (Grande-Bretagne)</subfield>
    <subfield code="b">Londres (Grande-Bretagne)</subfield>
  </datafield>
  <datafield tag="801" ind1=" " ind2=" ">
    <subfield code="a">FR</subfield>
    <subfield code="b">FR-751131015</subfield>
    <subfield code="c">20220307</subfield>
  </datafield>
  <datafield tag="810" ind1=" " ind2=" ">
    <subfield code="a">The Dracula book / Donald F. Glut ; with introductions by Christopher Lee and William Marshall, 1975</subfield>
  </datafield>
  <datafield tag="810" ind1=" " ind2=" ">
    <subfield code="a">BLNA, 1994-10</subfield>
    <subfield code="a">Intern. WW 1986-1987</subfield>
    <subfield code="a">IMDb - http://www.imdb.com (2004-10-11)</subfield>
    <subfield code="a">Libération, 2010-01-08 [album de rock symphonique Charlemagne]</subfield>
    <subfield code="a">Wikipédia - fr.wikipedia.org/wiki/Christopher_Lee (2015-06-12)</subfield>
  </datafield>
  <datafield tag="856" ind1=" " ind2=" ">
    <subfield code="u">http://www.imdb.com/</subfield>
    <subfield code="e">2004-10-11</subfield>
    <subfield code="u">fr.wikipedia.org/wiki/Christopher_Lee</subfield>
    <subfield code="e">2015-06-12</subfield>
  </datafield>
</record>