
<record format="UNIMARC" type="Authority">
  <leader>01834cx  a2200397   4500</leader>
  <controlfield tag="001">FRBNF119074414</controlfield>
  <controlfield tag="003">http://catalogue.bnf.fr/ark:/12148/cb119074417</controlfield>
  <controlfield tag="005">20220718</controlfield>
  <datafield tag="010" ind1=" " ind2=" ">
    <subfield code="a">0000000368589213</subfield>
    <subfield code="2">ISNI</subfield>
    <subfield code="d">20220504</subfield>
  </datafield>
  <datafield tag="039" ind1=" " ind2=" ">
    <subfield code="o">OPL</subfield>
    <subfield code="a">001827152</subfield>
    <subfield code="z">AMA</subfield>
  </datafield>
  <datafield tag="039" ind1=" " ind2=" ">
    <subfield code="o">OPL</subfield>
    <subfield code="a">000890057</subfield>
    <subfield code="z">APP</subfield>
  </datafield>
  <datafield tag="039" ind1=" " ind2=" ">
    <subfield code="o">OPP</subfield>
    <subfield code="a">14859774</subfield>
    <subfield code="d">20061127</subfield>
  </datafield>
  <datafield tag="100" ind1=" " ind2=" ">
    <subfield code="a">19790625afrey50      ba0</subfield>
  </datafield>
  <datafield tag="101" ind1=" " ind2=" ">
    <subfield code="a">ger</subfield>
  </datafield>
  <datafield tag="102" ind1=" " ind2=" ">
    <subfield code="a">DE</subfield>
  </datafield>
  <datafield tag="103" ind1=" " ind2=" ">
    <subfield code="a"> 19420905</subfield>
  </datafield>
  <datafield tag="105" ind1=" " ind2=" ">
    <subfield code="a">a</subfield>
    <subfield code="a">i</subfield>
    <subfield code="a">p</subfield>
  </datafield>
  <datafield tag="106" ind1=" " ind2=" ">
    <subfield code="a">010</subfield>
  </datafield>
  <datafield tag="120" ind1=" " ind2=" ">
    <subfield code="a">b</subfield>
  </datafield>
  <datafield tag="152" ind1=" " ind2=" ">
    <subfield code="c">2</subfield>
  </datafield>
  <datafield tag="200" ind1=" " ind2=" ">
    <subfield code="7">ba0yba0y</subfield>
    <subfield code="8">fre   </subfield>
    <subfield code="9"> 0 </subfield>
    <subfield code="a">Herzog</subfield>
    <subfield code="b">Werner</subfield>
    <subfield code="f">1942-....</subfield>
  </datafield>
  <datafield tag="300" ind1=" " ind2=" ">
    <subfield code="a">Cinéaste. - Pseudonyme de Werner H. Stipetić</subfield>
  </datafield>
  <datafield tag="530" ind1=" " ind2=" ">
    <subfield code="5">z</subfield>
    <subfield code="0">Réalisateur de : </subfield>
    <subfield code="3">16930853</subfield>
    <subfield code="a">Herz aus Glas (film)</subfield>
  </datafield>
  <datafield tag="530" ind1=" " ind2=" ">
    <subfield code="5">z</subfield>
    <subfield code="0">Réalisateur de : </subfield>
    <subfield code="3">14291169</subfield>
    <subfield code="a">Aguirre, der Zorn Gottes (film)</subfield>
  </datafield>
  <datafield tag="530" ind1=" " ind2=" ">
    <subfield code="5">z</subfield>
    <subfield code="0">Réalisateur de : </subfield>
    <subfield code="3">16473887</subfield>
    <subfield code="a">Woyzeck (film)</subfield>
  </datafield>
  <datafield tag="530" ind1=" " ind2=" ">
    <subfield code="5">z</subfield>
    <subfield code="0">Réalisateur de : </subfield>
    <subfield code="3">16458712</subfield>
    <subfield code="a">Stroszek (film)</subfield>
  </datafield>
  <datafield tag="530" ind1=" " ind2=" ">
    <subfield code="5">z</subfield>
    <subfield code="0">Réalisateur de : </subfield>
    <subfield code="3">16457854</subfield>
    <subfield code="a">Wo die grünen Ameisen träumen (film)</subfield>
  </datafield>
  <datafield tag="530" ind1=" " ind2=" ">
    <subfield code="5">z</subfield>
    <subfield code="0">Réalisateur de : </subfield>
    <subfield code="3">16146967</subfield>
    <subfield code="a">Rad der Zeit (film)</subfield>
  </datafield>
  <datafield tag="530" ind1=" " ind2=" ">
    <subfield code="5">z</subfield>
    <subfield code="0">Réalisateur de : </subfield>
    <subfield code="3">16026129</subfield>
    <subfield code="a">Fitzcarraldo (film)</subfield>
  </datafield>
  <datafield tag="530" ind1=" " ind2=" ">
    <subfield code="5">z</subfield>
    <subfield code="0">Réalisateur de : </subfield>
    <subfield code="3">14577518</subfield>
    <subfield code="a">Nosferatu, Phantom der Nacht (film)</subfield>
  </datafield>
  <datafield tag="530" ind1=" " ind2=" ">
    <subfield code="5">z</subfield>
    <subfield code="0">Réalisateur de : </subfield>
    <subfield code="3">12489837</subfield>
    <subfield code="a">Jeder für sich und Gott gegen alle (film)</subfield>
  </datafield>
  <datafield tag="530" ind1=" " ind2=" ">
    <subfield code="5">z</subfield>
    <subfield code="0">Réalisateur de : </subfield>
    <subfield code="3">13497807</subfield>
    <subfield code="a">Cobra verde (film)</subfield>
  </datafield>
  <datafield tag="801" ind1=" " ind2=" ">
    <subfield code="a">FR</subfield>
    <subfield code="b">FR-751131015</subfield>
    <subfield code="c">20220718</subfield>
  </datafield>
  <datafield tag="810" ind1=" " ind2=" ">
    <subfield code="a">Fitzcarraldo ; (suivi de) Nosferatu ; (et de) la Ballade de Bruno / Werner Herzog ; trad. de l&apos;allemand par Nicole Casanova, 1982</subfield>
  </datafield>
  <datafield tag="810" ind1=" " ind2=" ">
    <subfield code="a">Bibliothèque nationale, autorités, Allemagne - https://d-nb.info/gnd/118550276 (2022-07-18)</subfield>
    <subfield code="a">Brockhaus 19. Aufl.</subfield>
    <subfield code="a">Cent cinéastes allemands. In : Histoire du cinéma allemand / Roland Schneider, 1990, p. 199</subfield>
  </datafield>
  <datafield tag="856" ind1=" " ind2=" ">
    <subfield code="u">https://d-nb.info/gnd/118550276</subfield>
    <subfield code="e">2022-07-18</subfield>
  </datafield>
</record>