
<record format="UNIMARC" type="Authority">
  <leader>01196cx  a2200289   4500</leader>
  <controlfield tag="001">FRBNF119006737</controlfield>
  <controlfield tag="003">http://catalogue.bnf.fr/ark:/12148/cb11900673q</controlfield>
  <controlfield tag="005">20201209</controlfield>
  <datafield tag="010" ind1=" " ind2=" ">
    <subfield code="a">0000000121255326</subfield>
    <subfield code="2">VIAF</subfield>
    <subfield code="d">20130724</subfield>
  </datafield>
  <datafield tag="039" ind1=" " ind2=" ">
    <subfield code="o">OPL</subfield>
    <subfield code="a">000710210</subfield>
    <subfield code="z">APP</subfield>
  </datafield>
  <datafield tag="039" ind1=" " ind2=" ">
    <subfield code="o">OPL</subfield>
    <subfield code="a">001897364</subfield>
    <subfield code="z">AMA</subfield>
  </datafield>
  <datafield tag="039" ind1=" " ind2=" ">
    <subfield code="o">OPP</subfield>
    <subfield code="a">14973100</subfield>
    <subfield code="d">20090528</subfield>
  </datafield>
  <datafield tag="039" ind1=" " ind2=" ">
    <subfield code="o">OPP</subfield>
    <subfield code="a">15459933</subfield>
    <subfield code="d">20120125</subfield>
  </datafield>
  <datafield tag="100" ind1=" " ind2=" ">
    <subfield code="a">19760408afrey50      ba0</subfield>
  </datafield>
  <datafield tag="101" ind1=" " ind2=" ">
    <subfield code="a">fre</subfield>
  </datafield>
  <datafield tag="102" ind1=" " ind2=" ">
    <subfield code="a">FR</subfield>
  </datafield>
  <datafield tag="103" ind1=" " ind2=" ">
    <subfield code="a"> 19440628</subfield>
  </datafield>
  <datafield tag="105" ind1=" " ind2=" ">
    <subfield code="a">a</subfield>
    <subfield code="a">p</subfield>
    <subfield code="a">c</subfield>
  </datafield>
  <datafield tag="106" ind1=" " ind2=" ">
    <subfield code="a">010</subfield>
  </datafield>
  <datafield tag="120" ind1=" " ind2=" ">
    <subfield code="a">b</subfield>
  </datafield>
  <datafield tag="200" ind1=" " ind2=" ">
    <subfield code="7">ba0yba0y</subfield>
    <subfield code="8">fre   </subfield>
    <subfield code="9"> 0 </subfield>
    <subfield code="a">Druillet</subfield>
    <subfield code="b">Philippe</subfield>
    <subfield code="f">1944-....</subfield>
  </datafield>
  <datafield tag="300" ind1=" " ind2=" ">
    <subfield code="a">Dessinateur et scénariste de bandes dessinées</subfield>
  </datafield>
  <datafield tag="400" ind1=" " ind2=" ">
    <subfield code="7">ba0yba0y</subfield>
    <subfield code="8">fre   </subfield>
    <subfield code="a">Druillet</subfield>
    <subfield code="f">1944-....</subfield>
  </datafield>
  <datafield tag="686" ind1=" " ind2=" ">
    <subfield code="a">740</subfield>
    <subfield code="c">Dessin, arts décoratifs, artisanat d&apos;art</subfield>
    <subfield code="2">Note de regroupement par domaine</subfield>
  </datafield>
  <datafield tag="801" ind1=" " ind2=" ">
    <subfield code="a">FR</subfield>
    <subfield code="b">FR-751131015</subfield>
    <subfield code="c">20201209</subfield>
  </datafield>
  <datafield tag="810" ind1=" " ind2=" ">
    <subfield code="a">Gail / [texte et dessins de] Druillet, 1984</subfield>
    <subfield code="a">Lone Sloane / [scénario et dessins de] Philippe Druillet, 1988-</subfield>
  </datafield>
  <datafield tag="810" ind1=" " ind2=" ">
    <subfield code="a">Dictionnaire de la bande dessinée / Henri Filippini, 1989</subfield>
    <subfield code="a">Guide de la bande dessinée / Philippe Bronson, 1986</subfield>
    <subfield code="a">Philippe Druillet, l&apos;enragé de la BD / par Olivier Delcroix, 2017. In : Le Figaro, ISSN 0182-5852; 2017-01-05</subfield>
  </datafield>
</record>