
<record format="UNIMARC" type="Authority">
  <leader>01522cx  a2200361   4500</leader>
  <controlfield tag="001">FRBNF138969595</controlfield>
  <controlfield tag="003">http://catalogue.bnf.fr/ark:/12148/cb13896959d</controlfield>
  <controlfield tag="005">20070607</controlfield>
  <datafield tag="010" ind1=" " ind2=" ">
    <subfield code="a">0000000121358915</subfield>
    <subfield code="2">VIAF</subfield>
    <subfield code="d">20130731</subfield>
  </datafield>
  <datafield tag="039" ind1=" " ind2=" ">
    <subfield code="o">OPL</subfield>
    <subfield code="a">001845549</subfield>
    <subfield code="z">AMA</subfield>
  </datafield>
  <datafield tag="039" ind1=" " ind2=" ">
    <subfield code="o">OPL</subfield>
    <subfield code="a">001065339</subfield>
    <subfield code="z">APP</subfield>
  </datafield>
  <datafield tag="039" ind1=" " ind2=" ">
    <subfield code="o">OPP</subfield>
    <subfield code="a">14792847</subfield>
    <subfield code="d">20060519</subfield>
  </datafield>
  <datafield tag="039" ind1=" " ind2=" ">
    <subfield code="o">OPP</subfield>
    <subfield code="a">14911522</subfield>
    <subfield code="d">20070109</subfield>
  </datafield>
  <datafield tag="039" ind1=" " ind2=" ">
    <subfield code="o">OPP</subfield>
    <subfield code="a">14992539</subfield>
    <subfield code="d">20070607</subfield>
  </datafield>
  <datafield tag="100" ind1=" " ind2=" ">
    <subfield code="a">19890601afrey50      ba0</subfield>
  </datafield>
  <datafield tag="101" ind1=" " ind2=" ">
    <subfield code="a">ger</subfield>
  </datafield>
  <datafield tag="102" ind1=" " ind2=" ">
    <subfield code="a">AT</subfield>
  </datafield>
  <datafield tag="103" ind1=" " ind2=" ">
    <subfield code="a"> 18600707  19110518</subfield>
  </datafield>
  <datafield tag="105" ind1=" " ind2=" ">
    <subfield code="a">a</subfield>
    <subfield code="a">i</subfield>
  </datafield>
  <datafield tag="106" ind1=" " ind2=" ">
    <subfield code="a">010</subfield>
  </datafield>
  <datafield tag="120" ind1=" " ind2=" ">
    <subfield code="a">b</subfield>
  </datafield>
  <datafield tag="152" ind1=" " ind2=" ">
    <subfield code="c">2</subfield>
  </datafield>
  <datafield tag="200" ind1=" " ind2=" ">
    <subfield code="7">ba0yba0y</subfield>
    <subfield code="8">fre   </subfield>
    <subfield code="9"> 0 </subfield>
    <subfield code="a">Mahler</subfield>
    <subfield code="b">Gustav</subfield>
    <subfield code="f">1860-1911</subfield>
  </datafield>
  <datafield tag="300" ind1=" " ind2=" ">
    <subfield code="a">Compositeur et chef d&apos;orchestre</subfield>
  </datafield>
  <datafield tag="301" ind1=" " ind2=" ">
    <subfield code="a">Kalištĕ (République tchèque)</subfield>
    <subfield code="b">Vienne</subfield>
  </datafield>
  <datafield tag="510" ind1=" " ind2=" ">
    <subfield code="5">xxxz</subfield>
    <subfield code="0">Dirige : </subfield>
    <subfield code="3">15002927</subfield>
    <subfield code="7">ba0yba0y</subfield>
    <subfield code="8">fre   </subfield>
    <subfield code="9">20 </subfield>
    <subfield code="a">Staatsoper</subfield>
    <subfield code="c">Vienne</subfield>
    <subfield code="b">Orchester</subfield>
  </datafield>
  <datafield tag="510" ind1=" " ind2=" ">
    <subfield code="5">xxxz</subfield>
    <subfield code="0">Dirige : </subfield>
    <subfield code="3">13904970</subfield>
    <subfield code="7">ba0yba0y</subfield>
    <subfield code="8">freeng</subfield>
    <subfield code="9">20 </subfield>
    <subfield code="a">Metropolitan opera</subfield>
    <subfield code="c">New York</subfield>
    <subfield code="b">Orchestra</subfield>
  </datafield>
  <datafield tag="510" ind1=" " ind2=" ">
    <subfield code="5">xxxz</subfield>
    <subfield code="0">Dirige : </subfield>
    <subfield code="3">13905367</subfield>
    <subfield code="7">ba0yba0y</subfield>
    <subfield code="8">fre   </subfield>
    <subfield code="9">20 </subfield>
    <subfield code="a">New York Philharmonic</subfield>
  </datafield>
  <datafield tag="510" ind1=" " ind2=" ">
    <subfield code="5">xxxz</subfield>
    <subfield code="0">Dirige : </subfield>
    <subfield code="3">13907496</subfield>
    <subfield code="7">ba0yba0y</subfield>
    <subfield code="8">fre   </subfield>
    <subfield code="9">20 </subfield>
    <subfield code="a">Wiener Philharmoniker</subfield>
    <subfield code="p">1898-1901</subfield>
  </datafield>
  <datafield tag="801" ind1=" " ind2=" ">
    <subfield code="a">FR</subfield>
    <subfield code="b">FR-751131015</subfield>
    <subfield code="c">20070607</subfield>
  </datafield>
  <datafield tag="810" ind1=" " ind2=" ">
    <subfield code="a">Malher-Strauss : correspondance : 1888-1911 / rassemblée et commentée par Herta Blaukopf ; trad. de l&apos;allemand par Martin Kaltenecker, 1989</subfield>
  </datafield>
  <datafield tag="810" ind1=" " ind2=" ">
    <subfield code="a">GDEL</subfield>
    <subfield code="a">La musique / Roland de Candé, 1989</subfield>
    <subfield code="a">Grove 6</subfield>
    <subfield code="a">Dictionnaire biographique des musiciens / Baker, Slonimsky, 1995</subfield>
  </datafield>
  <datafield tag="810" ind1=" " ind2=" ">
    <subfield code="a">BN Cat. gén. suppl.</subfield>
    <subfield code="a">BN Cat. gén. 1960-1969</subfield>
  </datafield>
</record>