
<record format="UNIMARC" type="Authority">
  <leader>01374cx  a2200289   4500</leader>
  <controlfield tag="001">FRBNF138935397</controlfield>
  <controlfield tag="003">http://catalogue.bnf.fr/ark:/12148/cb13893539z</controlfield>
  <controlfield tag="005">20190429</controlfield>
  <datafield tag="010" ind1=" " ind2=" ">
    <subfield code="a">0000000121039893</subfield>
    <subfield code="2">VIAF</subfield>
    <subfield code="d">20130731</subfield>
  </datafield>
  <datafield tag="039" ind1=" " ind2=" ">
    <subfield code="o">OPL</subfield>
    <subfield code="a">010262054</subfield>
    <subfield code="z">AMA</subfield>
  </datafield>
  <datafield tag="039" ind1=" " ind2=" ">
    <subfield code="o">OPL</subfield>
    <subfield code="a">007111722</subfield>
    <subfield code="z">APP</subfield>
  </datafield>
  <datafield tag="039" ind1=" " ind2=" ">
    <subfield code="o">OPP</subfield>
    <subfield code="a">14788483</subfield>
    <subfield code="d">20060503</subfield>
  </datafield>
  <datafield tag="100" ind1=" " ind2=" ">
    <subfield code="a">19890601afrey50      ba0</subfield>
  </datafield>
  <datafield tag="101" ind1=" " ind2=" ">
    <subfield code="a">fre</subfield>
  </datafield>
  <datafield tag="102" ind1=" " ind2=" ">
    <subfield code="a">FR</subfield>
  </datafield>
  <datafield tag="103" ind1=" " ind2=" ">
    <subfield code="a"> 19550529</subfield>
  </datafield>
  <datafield tag="105" ind1=" " ind2=" ">
    <subfield code="a">a</subfield>
    <subfield code="a">p</subfield>
  </datafield>
  <datafield tag="106" ind1=" " ind2=" ">
    <subfield code="a">010</subfield>
  </datafield>
  <datafield tag="120" ind1=" " ind2=" ">
    <subfield code="a">b</subfield>
  </datafield>
  <datafield tag="200" ind1=" " ind2=" ">
    <subfield code="7">ba0yba0y</subfield>
    <subfield code="8">fre   </subfield>
    <subfield code="9"> 0 </subfield>
    <subfield code="a">Dusapin</subfield>
    <subfield code="b">Pascal</subfield>
    <subfield code="f">1955-....</subfield>
  </datafield>
  <datafield tag="300" ind1=" " ind2=" ">
    <subfield code="a">Compositeur. - Photographe amateur</subfield>
  </datafield>
  <datafield tag="301" ind1=" " ind2=" ">
    <subfield code="a">Nancy</subfield>
  </datafield>
  <datafield tag="686" ind1=" " ind2=" ">
    <subfield code="a">780</subfield>
    <subfield code="c">Musique</subfield>
    <subfield code="2">Note de regroupement par domaine</subfield>
  </datafield>
  <datafield tag="801" ind1=" " ind2=" ">
    <subfield code="a">FR</subfield>
    <subfield code="b">FR-751131015</subfield>
    <subfield code="c">20190429</subfield>
  </datafield>
  <datafield tag="810" ind1=" " ind2=" ">
    <subfield code="a">Comoedia [Enregistrement sonore] / Pascal Dusapin, comp. ; Françoise Kubler, MS ; Ars nova, ens. instr. ; Philippe Nahon, dir. Salabert SCD9701</subfield>
    <subfield code="a">Roméo &amp; Juliette [Musique imprimée] : opéra en 9 numéros / Pascal Dusapin ; texte  Olivier Cadiot, [1996]</subfield>
    <subfield code="a">Accords photographiques / Pascal Dusapin, DL 2012</subfield>
  </datafield>
  <datafield tag="810" ind1=" " ind2=" ">
    <subfield code="a">WW France, 2005-2006</subfield>
    <subfield code="a">Grove music online - http://www.grovemusic.com (2006-05-03)</subfield>
    <subfield code="a">Brahms : base de documentation sur la musique contemporaine - http://brahms.ircam.fr (2008-03-21)</subfield>
    <subfield code="a">Pascal Dusapin : [catalogue des oeuvres]. - Salabert, 1997</subfield>
  </datafield>
  <datafield tag="856" ind1=" " ind2=" ">
    <subfield code="u">http://www.grovemusic.com</subfield>
    <subfield code="e">2006-05-03</subfield>
    <subfield code="u">http://brahms.ircam.fr</subfield>
    <subfield code="e">2008-03-21</subfield>
  </datafield>
</record>