
<record format="UNIMARC" type="Authority">
  <leader>01576cx  a2200349   4500</leader>
  <controlfield tag="001">FRBNF123630151</controlfield>
  <controlfield tag="003">http://catalogue.bnf.fr/ark:/12148/cb12363015z</controlfield>
  <controlfield tag="005">20191207</controlfield>
  <datafield tag="010" ind1=" " ind2=" ">
    <subfield code="a">0000000122804104</subfield>
    <subfield code="2">VIAF</subfield>
    <subfield code="d">20130726</subfield>
  </datafield>
  <datafield tag="039" ind1=" " ind2=" ">
    <subfield code="o">OPL</subfield>
    <subfield code="a">009619242</subfield>
  </datafield>
  <datafield tag="039" ind1=" " ind2=" ">
    <subfield code="o">OPP</subfield>
    <subfield code="a">15461934</subfield>
    <subfield code="d">20110603</subfield>
  </datafield>
  <datafield tag="039" ind1=" " ind2=" ">
    <subfield code="o">OPP</subfield>
    <subfield code="a">14891044</subfield>
    <subfield code="d">20110603</subfield>
  </datafield>
  <datafield tag="039" ind1=" " ind2=" ">
    <subfield code="o">OPP</subfield>
    <subfield code="a">15461933</subfield>
    <subfield code="d">20110603</subfield>
  </datafield>
  <datafield tag="039" ind1=" " ind2=" ">
    <subfield code="o">OPP</subfield>
    <subfield code="a">15461932</subfield>
    <subfield code="d">20121010</subfield>
  </datafield>
  <datafield tag="039" ind1=" " ind2=" ">
    <subfield code="o">OPP</subfield>
    <subfield code="a">16812627</subfield>
    <subfield code="d">20181116</subfield>
  </datafield>
  <datafield tag="100" ind1=" " ind2=" ">
    <subfield code="a">19940120afrey50      ba0</subfield>
  </datafield>
  <datafield tag="101" ind1=" " ind2=" ">
    <subfield code="a">fre</subfield>
  </datafield>
  <datafield tag="102" ind1=" " ind2=" ">
    <subfield code="a">FR</subfield>
  </datafield>
  <datafield tag="103" ind1=" " ind2=" ">
    <subfield code="a"> 18840524  19470531</subfield>
  </datafield>
  <datafield tag="105" ind1=" " ind2=" ">
    <subfield code="a">a</subfield>
  </datafield>
  <datafield tag="106" ind1=" " ind2=" ">
    <subfield code="a">010</subfield>
  </datafield>
  <datafield tag="120" ind1=" " ind2=" ">
    <subfield code="a">b</subfield>
  </datafield>
  <datafield tag="200" ind1=" " ind2=" ">
    <subfield code="7">ba0yba0y</subfield>
    <subfield code="8">fre   </subfield>
    <subfield code="9"> 0 </subfield>
    <subfield code="a">Falké</subfield>
    <subfield code="b">Pierre</subfield>
    <subfield code="f">1884-1947</subfield>
  </datafield>
  <datafield tag="300" ind1=" " ind2=" ">
    <subfield code="a">Peintre et graveur. - Prénoms complets : Pierre André Michel</subfield>
  </datafield>
  <datafield tag="301" ind1=" " ind2=" ">
    <subfield code="a">Paris, 14e arrondissement (France)</subfield>
    <subfield code="b">Coutevroult (Seine-et-Marne)</subfield>
  </datafield>
  <datafield tag="400" ind1=" " ind2=" ">
    <subfield code="7">ba0yba0y</subfield>
    <subfield code="8">fre   </subfield>
    <subfield code="a">Falké</subfield>
    <subfield code="f">1884-1947</subfield>
  </datafield>
  <datafield tag="686" ind1=" " ind2=" ">
    <subfield code="a">750</subfield>
    <subfield code="c">Peinture</subfield>
    <subfield code="2">Note de regroupement par domaine</subfield>
  </datafield>
  <datafield tag="686" ind1=" " ind2=" ">
    <subfield code="a">760</subfield>
    <subfield code="c">Arts graphiques</subfield>
    <subfield code="2">Note de regroupement par domaine</subfield>
  </datafield>
  <datafield tag="801" ind1=" " ind2=" ">
    <subfield code="a">FR</subfield>
    <subfield code="b">FR-751131015</subfield>
    <subfield code="c">20191207</subfield>
  </datafield>
  <datafield tag="810" ind1=" " ind2=" ">
    <subfield code="a">Brest / par Pierre Mac Orlan ; frontispice de Pierre Falké, 1926</subfield>
    <subfield code="a">Les vrais de vrai / Francis Carco ; récit illustré d&apos;eaux-fortes hors texte gravées par Pierre Falké, 1928</subfield>
    <subfield code="a">Le pot au noir : scènes et figures des Tropiques / de Louis Chadourne ; bois gravés par Falké</subfield>
  </datafield>
  <datafield tag="810" ind1=" " ind2=" ">
    <subfield code="a">Bénézit, 1976</subfield>
    <subfield code="a">Le coin des pseudonymes et autres recherches biographiques / par Patrick Ramseyer. In : Le Rocambole : Bulletin des amis du roman populaire, n° 88-89, automne-hiver  2019 (p. 317)</subfield>
  </datafield>
  <datafield tag="810" ind1=" " ind2=" ">
    <subfield code="a">BN Cat. gén.</subfield>
  </datafield>
</record>