
<record format="UNIMARC" type="Authority">
  <leader>02089cx  a2200433   4500</leader>
  <controlfield tag="001">FRBNF121261182</controlfield>
  <controlfield tag="003">http://catalogue.bnf.fr/ark:/12148/cb12126118t</controlfield>
  <controlfield tag="005">20210917</controlfield>
  <datafield tag="010" ind1=" " ind2=" ">
    <subfield code="a">0000000079743368</subfield>
    <subfield code="2">VIAF</subfield>
    <subfield code="d">20130725</subfield>
  </datafield>
  <datafield tag="039" ind1=" " ind2=" ">
    <subfield code="o">OPL</subfield>
    <subfield code="a">004751749</subfield>
  </datafield>
  <datafield tag="039" ind1=" " ind2=" ">
    <subfield code="o">OPP</subfield>
    <subfield code="a">11259191</subfield>
    <subfield code="d">20090416</subfield>
  </datafield>
  <datafield tag="039" ind1=" " ind2=" ">
    <subfield code="o">OPP</subfield>
    <subfield code="a">11844511</subfield>
    <subfield code="d">20090416</subfield>
  </datafield>
  <datafield tag="039" ind1=" " ind2=" ">
    <subfield code="o">OPP</subfield>
    <subfield code="a">14310159</subfield>
    <subfield code="d">20090416</subfield>
  </datafield>
  <datafield tag="039" ind1=" " ind2=" ">
    <subfield code="o">OPP</subfield>
    <subfield code="a">10605344</subfield>
    <subfield code="d">20090416</subfield>
  </datafield>
  <datafield tag="039" ind1=" " ind2=" ">
    <subfield code="o">OPP</subfield>
    <subfield code="a">11257872</subfield>
    <subfield code="d">20090416</subfield>
  </datafield>
  <datafield tag="039" ind1=" " ind2=" ">
    <subfield code="o">OPP</subfield>
    <subfield code="a">11269655</subfield>
    <subfield code="d">20090416</subfield>
  </datafield>
  <datafield tag="039" ind1=" " ind2=" ">
    <subfield code="o">OPP</subfield>
    <subfield code="a">11557393</subfield>
    <subfield code="d">20090416</subfield>
  </datafield>
  <datafield tag="039" ind1=" " ind2=" ">
    <subfield code="o">OPP</subfield>
    <subfield code="a">11844371</subfield>
    <subfield code="d">20090416</subfield>
  </datafield>
  <datafield tag="039" ind1=" " ind2=" ">
    <subfield code="o">OPP</subfield>
    <subfield code="a">11845645</subfield>
    <subfield code="d">20090416</subfield>
  </datafield>
  <datafield tag="039" ind1=" " ind2=" ">
    <subfield code="o">OPP</subfield>
    <subfield code="a">13305839</subfield>
    <subfield code="d">20090416</subfield>
  </datafield>
  <datafield tag="039" ind1=" " ind2=" ">
    <subfield code="o">OPP</subfield>
    <subfield code="a">13315038</subfield>
    <subfield code="d">20090416</subfield>
  </datafield>
  <datafield tag="039" ind1=" " ind2=" ">
    <subfield code="o">OPP</subfield>
    <subfield code="a">15480026</subfield>
    <subfield code="d">20150924</subfield>
  </datafield>
  <datafield tag="039" ind1=" " ind2=" ">
    <subfield code="o">OPP</subfield>
    <subfield code="a">17346678</subfield>
    <subfield code="d">20210917</subfield>
  </datafield>
  <datafield tag="100" ind1=" " ind2=" ">
    <subfield code="a">19891002afrey50      ba0</subfield>
  </datafield>
  <datafield tag="101" ind1=" " ind2=" ">
    <subfield code="a">fre</subfield>
    <subfield code="t">eng</subfield>
  </datafield>
  <datafield tag="102" ind1=" " ind2=" ">
    <subfield code="a">FR</subfield>
  </datafield>
  <datafield tag="103" ind1=" " ind2=" ">
    <subfield code="a"> 18860109  19550510</subfield>
  </datafield>
  <datafield tag="105" ind1=" " ind2=" ">
    <subfield code="a">a</subfield>
  </datafield>
  <datafield tag="106" ind1=" " ind2=" ">
    <subfield code="a">010</subfield>
  </datafield>
  <datafield tag="120" ind1=" " ind2=" ">
    <subfield code="a">a</subfield>
  </datafield>
  <datafield tag="200" ind1=" " ind2=" ">
    <subfield code="7">ba0yba0y</subfield>
    <subfield code="8">fre   </subfield>
    <subfield code="9"> 0 </subfield>
    <subfield code="a">Paul-Margueritte</subfield>
    <subfield code="b">Lucie</subfield>
    <subfield code="f">1886-1955</subfield>
  </datafield>
  <datafield tag="300" ind1=" " ind2=" ">
    <subfield code="a">Femme de lettres. - Traductrice. - Fille de l&apos;écrivain Paul Margueritte (1860-1918) et sœur d&apos;Ève Paul-Margueritte (1885-1971) avec laquelle elle collabora. - Prénoms complets : Lucie Blanche</subfield>
  </datafield>
  <datafield tag="400" ind1=" " ind2=" ">
    <subfield code="7">ba0yba0y</subfield>
    <subfield code="8">fre   </subfield>
    <subfield code="a">Margueritte</subfield>
    <subfield code="b">Lucie Paul-</subfield>
  </datafield>
  <datafield tag="686" ind1=" " ind2=" ">
    <subfield code="a">800</subfield>
    <subfield code="c">Histoire et critique littéraires</subfield>
    <subfield code="2">Note de regroupement par domaine</subfield>
  </datafield>
  <datafield tag="801" ind1=" " ind2=" ">
    <subfield code="a">FR</subfield>
    <subfield code="b">FR-751131015</subfield>
    <subfield code="c">20210917</subfield>
  </datafield>
  <datafield tag="810" ind1=" " ind2=" ">
    <subfield code="a">Paillettes / Lucie Paul Margueritte, 1908</subfield>
    <subfield code="a">Auteuil et Passy, des origines à nos jours / Ève et Lucie Paul-Margueritte, 1946</subfield>
    <subfield code="a">Dracula / Bram Stocker ; traduit de l&apos;anglais par Ève et Lucie Paul-Margueritte, 1946</subfield>
  </datafield>
  <datafield tag="810" ind1=" " ind2=" ">
    <subfield code="a">Le coin des pseudonymes et autres recherches biographiques / par Patrick Ramseyer. In : Le Rocambole : Bulletin des amis du roman populaire, n° 82, printemps 2018, p. 174</subfield>
    <subfield code="a">WW, France 1969-1970 (art. : Margueritte, Éve Paul)</subfield>
  </datafield>
  <datafield tag="810" ind1=" " ind2=" ">
    <subfield code="a">BN Cat. gén. ; BN Cat. gén. suppl. ; BN Cat. gén. 1960-1969 : Margueritte (Lucie Paul-)</subfield>
  </datafield>
  <datafield tag="815" ind1=" " ind2=" ">
    <subfield code="a">Qui était qui, XXe siècle / Béatrice et Michel Wattel, 2005. - Laffont-Bompiani, Auteurs. - Van Tieghem</subfield>
  </datafield>
</record>