
<record format="UNIMARC" type="Authority">
  <leader>02605cx  a2200469   4500</leader>
  <controlfield tag="001">FRBNF126302398</controlfield>
  <controlfield tag="003">http://catalogue.bnf.fr/ark:/12148/cb12630239p</controlfield>
  <controlfield tag="005">20220603</controlfield>
  <datafield tag="010" ind1=" " ind2=" ">
    <subfield code="a">0000000079981809</subfield>
    <subfield code="2">VIAF</subfield>
    <subfield code="d">20130729</subfield>
  </datafield>
  <datafield tag="039" ind1=" " ind2=" ">
    <subfield code="o">OPL</subfield>
    <subfield code="a">001198898</subfield>
  </datafield>
  <datafield tag="039" ind1=" " ind2=" ">
    <subfield code="o">OPP</subfield>
    <subfield code="a">11229129</subfield>
    <subfield code="d">20090414</subfield>
  </datafield>
  <datafield tag="039" ind1=" " ind2=" ">
    <subfield code="o">OPP</subfield>
    <subfield code="a">11549008</subfield>
    <subfield code="d">20090414</subfield>
  </datafield>
  <datafield tag="039" ind1=" " ind2=" ">
    <subfield code="o">OPP</subfield>
    <subfield code="a">11549009</subfield>
    <subfield code="d">20090414</subfield>
  </datafield>
  <datafield tag="039" ind1=" " ind2=" ">
    <subfield code="o">OPP</subfield>
    <subfield code="a">11841034</subfield>
    <subfield code="d">20090414</subfield>
  </datafield>
  <datafield tag="039" ind1=" " ind2=" ">
    <subfield code="o">OPP</subfield>
    <subfield code="a">11543279</subfield>
    <subfield code="d">20090416</subfield>
  </datafield>
  <datafield tag="039" ind1=" " ind2=" ">
    <subfield code="o">OPP</subfield>
    <subfield code="a">10571892</subfield>
    <subfield code="d">20090416</subfield>
  </datafield>
  <datafield tag="039" ind1=" " ind2=" ">
    <subfield code="o">OPP</subfield>
    <subfield code="a">10571893</subfield>
    <subfield code="d">20090416</subfield>
  </datafield>
  <datafield tag="039" ind1=" " ind2=" ">
    <subfield code="o">OPP</subfield>
    <subfield code="a">10632164</subfield>
    <subfield code="d">20090416</subfield>
  </datafield>
  <datafield tag="039" ind1=" " ind2=" ">
    <subfield code="o">OPP</subfield>
    <subfield code="a">11243828</subfield>
    <subfield code="d">20090416</subfield>
  </datafield>
  <datafield tag="039" ind1=" " ind2=" ">
    <subfield code="o">OPP</subfield>
    <subfield code="a">11243829</subfield>
    <subfield code="d">20090416</subfield>
  </datafield>
  <datafield tag="039" ind1=" " ind2=" ">
    <subfield code="o">OPP</subfield>
    <subfield code="a">11288128</subfield>
    <subfield code="d">20090416</subfield>
  </datafield>
  <datafield tag="039" ind1=" " ind2=" ">
    <subfield code="o">OPP</subfield>
    <subfield code="a">11548442</subfield>
    <subfield code="d">20090416</subfield>
  </datafield>
  <datafield tag="039" ind1=" " ind2=" ">
    <subfield code="o">OPP</subfield>
    <subfield code="a">15480025</subfield>
    <subfield code="d">20130607</subfield>
  </datafield>
  <datafield tag="100" ind1=" " ind2=" ">
    <subfield code="a">19800320afrey50      ba0</subfield>
  </datafield>
  <datafield tag="101" ind1=" " ind2=" ">
    <subfield code="a">fre</subfield>
    <subfield code="t">eng</subfield>
  </datafield>
  <datafield tag="102" ind1=" " ind2=" ">
    <subfield code="a">FR</subfield>
  </datafield>
  <datafield tag="103" ind1=" " ind2=" ">
    <subfield code="a"> 18850205  19710716</subfield>
  </datafield>
  <datafield tag="105" ind1=" " ind2=" ">
    <subfield code="a">a</subfield>
  </datafield>
  <datafield tag="106" ind1=" " ind2=" ">
    <subfield code="a">010</subfield>
  </datafield>
  <datafield tag="120" ind1=" " ind2=" ">
    <subfield code="a">a</subfield>
  </datafield>
  <datafield tag="200" ind1=" " ind2=" ">
    <subfield code="7">ba0yba0y</subfield>
    <subfield code="8">fre   </subfield>
    <subfield code="9"> 0 </subfield>
    <subfield code="a">Paul-Margueritte</subfield>
    <subfield code="b">Ève</subfield>
    <subfield code="f">1885-1971</subfield>
  </datafield>
  <datafield tag="300" ind1=" " ind2=" ">
    <subfield code="a">Romancière et traductrice. - Membre de l&apos;académie Goncourt. - Fille de l&apos;écrivain Paul Margueritte (1860-1918) et sœur de Lucie Paul-Margueritte (1886-1956) avec laquelle elle collabora. - Prénoms complets : Ève Antonie</subfield>
  </datafield>
  <datafield tag="301" ind1=" " ind2=" ">
    <subfield code="a">Paris, 6e arrondissement (France)</subfield>
    <subfield code="b">Limeil-Brévannes (Val-de-Marne)</subfield>
  </datafield>
  <datafield tag="400" ind1=" " ind2=" ">
    <subfield code="7">ba0yba0y</subfield>
    <subfield code="8">fre   </subfield>
    <subfield code="a">Margueritte</subfield>
    <subfield code="b">Ève Paul-</subfield>
  </datafield>
  <datafield tag="400" ind1=" " ind2=" ">
    <subfield code="7">ba0yba0y</subfield>
    <subfield code="8">fre   </subfield>
    <subfield code="a">Paul-Margueritte</subfield>
    <subfield code="b">Eva</subfield>
  </datafield>
  <datafield tag="400" ind1=" " ind2=" ">
    <subfield code="7">ba0yba0y</subfield>
    <subfield code="8">fre   </subfield>
    <subfield code="a">Margueritte</subfield>
    <subfield code="b">Eve-Paul</subfield>
  </datafield>
  <datafield tag="686" ind1=" " ind2=" ">
    <subfield code="a">800</subfield>
    <subfield code="c">Histoire et critique littéraires</subfield>
    <subfield code="2">Note de regroupement par domaine</subfield>
  </datafield>
  <datafield tag="801" ind1=" " ind2=" ">
    <subfield code="a">FR</subfield>
    <subfield code="b">FR-751131015</subfield>
    <subfield code="c">20220603</subfield>
  </datafield>
  <datafield tag="810" ind1=" " ind2=" ">
    <subfield code="a">La rencontre de minuit / Ève Paul-Margueritte, 1926</subfield>
    <subfield code="a">La maison du silence : roman / Alice Muriel Williamson ; traduit de l&apos;anglais par Eva Paul-Margueritte, [1928]</subfield>
    <subfield code="a">Auteuil et Passy, des origines à nos jours / Ève et Lucie Paul-Margueritte, 1946</subfield>
    <subfield code="a">Späte Sühne / von Eve-Paul Margueritte ; deutsche von Lucy Housse, [1955]</subfield>
  </datafield>
  <datafield tag="810" ind1=" " ind2=" ">
    <subfield code="a">Le coin des pseudonymes et autres recherches biographiques / par Patrick Ramseyer. In : Le Rocambole : Bulletin des amis du roman populaire, n° 82, printemps 2018, p. 174</subfield>
    <subfield code="a">WW, France 1969-1970</subfield>
    <subfield code="a">Dictionnaire universel des traducteurs / Henri Van Hoof, 1993 : mentionnée par erreur comme l&apos;épouse de Paul Margueritte</subfield>
    <subfield code="a">Lorenz : Margueritte (Mme Eve-Paul)</subfield>
  </datafield>
  <datafield tag="810" ind1=" " ind2=" ">
    <subfield code="a">BN Cat. gén. suppl.</subfield>
    <subfield code="a">BN Cat. gén. 1960-1969 : Margueritte (Ève Paul)</subfield>
  </datafield>
  <datafield tag="815" ind1=" " ind2=" ">
    <subfield code="a">WW, France 1973-1974. - Qui était qui, XXe siècle / Béatrice et Michel Wattel, 2005. - Laffont-Bompiani, Auteurs. - Van Tieghem. - WBIS : http://db.saur.de/WBIS (2009-04-16)</subfield>
  </datafield>
</record>