
<record format="UNIMARC" type="Authority">
  <leader>01309cx  a2200289   4500</leader>
  <controlfield tag="001">FRBNF118897380</controlfield>
  <controlfield tag="003">http://catalogue.bnf.fr/ark:/12148/cb118897384</controlfield>
  <controlfield tag="005">20170216</controlfield>
  <datafield tag="010" ind1=" " ind2=" ">
    <subfield code="a">0000000110443110</subfield>
    <subfield code="2">VIAF</subfield>
    <subfield code="d">20130724</subfield>
  </datafield>
  <datafield tag="039" ind1=" " ind2=" ">
    <subfield code="o">OPL</subfield>
    <subfield code="a">000422293</subfield>
  </datafield>
  <datafield tag="039" ind1=" " ind2=" ">
    <subfield code="o">OPP</subfield>
    <subfield code="a">14351905</subfield>
    <subfield code="d">20090416</subfield>
  </datafield>
  <datafield tag="039" ind1=" " ind2=" ">
    <subfield code="o">OPP</subfield>
    <subfield code="a">16808698</subfield>
    <subfield code="d">20170216</subfield>
  </datafield>
  <datafield tag="100" ind1=" " ind2=" ">
    <subfield code="a">19780403afrey50      ba0</subfield>
  </datafield>
  <datafield tag="101" ind1=" " ind2=" ">
    <subfield code="a">fre</subfield>
  </datafield>
  <datafield tag="102" ind1=" " ind2=" ">
    <subfield code="a">FR</subfield>
  </datafield>
  <datafield tag="103" ind1=" " ind2=" ">
    <subfield code="a"> 1937</subfield>
  </datafield>
  <datafield tag="105" ind1=" " ind2=" ">
    <subfield code="a">a</subfield>
    <subfield code="a">p</subfield>
  </datafield>
  <datafield tag="106" ind1=" " ind2=" ">
    <subfield code="a">1</subfield>
  </datafield>
  <datafield tag="120" ind1=" " ind2=" ">
    <subfield code="a">b</subfield>
  </datafield>
  <datafield tag="200" ind1=" " ind2=" ">
    <subfield code="7">ba0yba0y</subfield>
    <subfield code="8">fre   </subfield>
    <subfield code="9"> 0 </subfield>
    <subfield code="a">Aziza</subfield>
    <subfield code="b">Claude</subfield>
    <subfield code="f">1937-....</subfield>
  </datafield>
  <datafield tag="300" ind1="0" ind2=" ">
    <subfield code="a">Traduit aussi du français en latin</subfield>
  </datafield>
  <datafield tag="300" ind1="0" ind2=" ">
    <subfield code="a">Maître de conférence honoraire de langue et littérature latines à la Sorbonne Nouvelle (Paris III). - Historien du cinéma. - Agrégé de lettres classiques</subfield>
  </datafield>
  <datafield tag="400" ind1=" " ind2=" ">
    <subfield code="7">ba0yba0y</subfield>
    <subfield code="8">fre   </subfield>
    <subfield code="a">Aziza</subfield>
    <subfield code="b">Claudius</subfield>
    <subfield code="f">1937-....</subfield>
  </datafield>
  <datafield tag="801" ind1=" " ind2=" ">
    <subfield code="a">FR</subfield>
    <subfield code="b">FR-751131015</subfield>
    <subfield code="c">20170216</subfield>
  </datafield>
  <datafield tag="810" ind1=" " ind2=" ">
    <subfield code="a">Le Capitaine Fracasse / Théophile Gautier ; préf. et comment. de Claude Aziza, 1991</subfield>
    <subfield code="a">Alix / Jacques Martin ; in latinum converterunt Claudius Aziza et Michael Dubrocard, 1983-</subfield>
    <subfield code="a">Guide de l&apos;Antiquité imaginaire / Claude Aziza, 2008</subfield>
  </datafield>
  <datafield tag="810" ind1=" " ind2=" ">
    <subfield code="a">Canal Académie - http://www.canalacademie.com/Claude-Aziza-le-Romanesque-et-les.html (2009-04-16)</subfield>
  </datafield>
  <datafield tag="856" ind1=" " ind2=" ">
    <subfield code="u">http://www.canalacademie.com/Claude-Aziza-le-Romanesque-et-les.html</subfield>
    <subfield code="e">2009-04-16</subfield>
  </datafield>
</record>