
<record format="UNIMARC" type="Authority">
  <leader>00934cx  a2200229   4500</leader>
  <controlfield tag="001">FRBNF119145772</controlfield>
  <controlfield tag="003">http://catalogue.bnf.fr/ark:/12148/cb119145770</controlfield>
  <controlfield tag="005">20220301</controlfield>
  <datafield tag="010" ind1=" " ind2=" ">
    <subfield code="a">0000000083571052</subfield>
    <subfield code="2">VIAF</subfield>
    <subfield code="d">20130724</subfield>
  </datafield>
  <datafield tag="039" ind1=" " ind2=" ">
    <subfield code="o">OPL</subfield>
    <subfield code="a">001082655</subfield>
  </datafield>
  <datafield tag="039" ind1=" " ind2=" ">
    <subfield code="o">OPP</subfield>
    <subfield code="a">16816932</subfield>
    <subfield code="d">20220301</subfield>
  </datafield>
  <datafield tag="100" ind1=" " ind2=" ">
    <subfield code="a">19780626afrey50      ba0</subfield>
  </datafield>
  <datafield tag="101" ind1=" " ind2=" ">
    <subfield code="a">fre</subfield>
    <subfield code="t">eng</subfield>
  </datafield>
  <datafield tag="102" ind1=" " ind2=" ">
    <subfield code="a">FR</subfield>
  </datafield>
  <datafield tag="103" ind1=" " ind2=" ">
    <subfield code="a"> 19390409</subfield>
  </datafield>
  <datafield tag="105" ind1=" " ind2=" ">
    <subfield code="a">a</subfield>
    <subfield code="a">p</subfield>
  </datafield>
  <datafield tag="106" ind1=" " ind2=" ">
    <subfield code="a">1</subfield>
  </datafield>
  <datafield tag="120" ind1=" " ind2=" ">
    <subfield code="a">b</subfield>
  </datafield>
  <datafield tag="200" ind1=" " ind2=" ">
    <subfield code="7">ba0yba0y</subfield>
    <subfield code="8">fre   </subfield>
    <subfield code="9"> 0 </subfield>
    <subfield code="a">Marigny</subfield>
    <subfield code="b">Jean</subfield>
    <subfield code="f">1939-....</subfield>
  </datafield>
  <datafield tag="300" ind1="0" ind2=" ">
    <subfield code="a">Professeur de littérature anglaise et américaine à l&apos;université Stendhal-Grenoble 3. - Directeur du Groupe d&apos;études et de recherches sur le fantastique (GERF)</subfield>
  </datafield>
  <datafield tag="801" ind1=" " ind2=" ">
    <subfield code="a">FR</subfield>
    <subfield code="b">FR-751131015</subfield>
    <subfield code="c">20220301</subfield>
  </datafield>
  <datafield tag="810" ind1=" " ind2=" ">
    <subfield code="a">Dracula / dir. par Jean Marigny, 1997</subfield>
    <subfield code="a">Le vampire dans la littérature du XXe siècle / Jean Marigny, 2003</subfield>
    <subfield code="a">&quot;Freaks&quot; / Boris Henry ; nouvelle inédite traduite de l&apos;anglais (États-Unis) par Jean Marigny, 2009</subfield>
  </datafield>
</record>