
<record format="UNIMARC" type="Authority">
  <leader>00859cx  a2200253   4500</leader>
  <controlfield tag="001">FRBNF119487345</controlfield>
  <controlfield tag="003">http://catalogue.bnf.fr/ark:/12148/cb11948734v</controlfield>
  <controlfield tag="005">20160311</controlfield>
  <datafield tag="010" ind1=" " ind2=" ">
    <subfield code="a">0000000079992137</subfield>
    <subfield code="2">ISNI</subfield>
    <subfield code="d">20161107</subfield>
  </datafield>
  <datafield tag="039" ind1=" " ind2=" ">
    <subfield code="o">OPL</subfield>
    <subfield code="a">001746138</subfield>
  </datafield>
  <datafield tag="100" ind1=" " ind2=" ">
    <subfield code="a">19820908afrey50      ba0</subfield>
  </datafield>
  <datafield tag="101" ind1=" " ind2=" ">
    <subfield code="a">und</subfield>
  </datafield>
  <datafield tag="102" ind1=" " ind2=" ">
    <subfield code="a">XX</subfield>
  </datafield>
  <datafield tag="103" ind1=" " ind2=" ">
    <subfield code="a"> 1430    ? 1476    ?</subfield>
  </datafield>
  <datafield tag="106" ind1=" " ind2=" ">
    <subfield code="a">210</subfield>
  </datafield>
  <datafield tag="120" ind1=" " ind2=" ">
    <subfield code="a">b</subfield>
  </datafield>
  <datafield tag="152" ind1=" " ind2=" ">
    <subfield code="c">2</subfield>
  </datafield>
  <datafield tag="200" ind1=" " ind2=" ">
    <subfield code="7">ba0yba0y</subfield>
    <subfield code="8">fre   </subfield>
    <subfield code="9"> 0 </subfield>
    <subfield code="a">Vlad</subfield>
    <subfield code="d">III</subfield>
    <subfield code="f">1430?-1476?</subfield>
    <subfield code="c">prince de Valachie</subfield>
  </datafield>
  <datafield tag="400" ind1=" " ind2=" ">
    <subfield code="7">ba0yba0y</subfield>
    <subfield code="8">fre   </subfield>
    <subfield code="a">Dracula</subfield>
    <subfield code="f">1430?-1476?</subfield>
    <subfield code="c">comte</subfield>
  </datafield>
  <datafield tag="400" ind1=" " ind2=" ">
    <subfield code="7">ba0yba0y</subfield>
    <subfield code="8">fre   </subfield>
    <subfield code="a">Vlad Drăculea</subfield>
    <subfield code="f">1430?-1476?</subfield>
  </datafield>
  <datafield tag="400" ind1=" " ind2=" ">
    <subfield code="7">ba0yba0y</subfield>
    <subfield code="8">fre   </subfield>
    <subfield code="a">Vlad l&apos;Empaleur</subfield>
    <subfield code="f">1430?-1476?</subfield>
  </datafield>
  <datafield tag="400" ind1=" " ind2=" ">
    <subfield code="7">ba0yba0y</subfield>
    <subfield code="8">fre   </subfield>
    <subfield code="a">Țepeș</subfield>
    <subfield code="b">Vlad</subfield>
    <subfield code="f">1430?-1476?</subfield>
  </datafield>
  <datafield tag="801" ind1=" " ind2=" ">
    <subfield code="a">FR</subfield>
    <subfield code="b">FR-751131015</subfield>
    <subfield code="c">20160311</subfield>
  </datafield>
  <datafield tag="810" ind1=" " ind2=" ">
    <subfield code="a">GDEL, art. &quot;Dracula&quot; et &quot;Vlad&quot;</subfield>
    <subfield code="a">L&apos;Histoire du prince Dracula / Matei Cazacu, 1988</subfield>
  </datafield>
</record>