
<record format="UNIMARC" type="Authority">
  <leader>01214cx  l2200277   4500</leader>
  <controlfield tag="001">FRBNF119562602</controlfield>
  <controlfield tag="003">http://catalogue.bnf.fr/ark:/12148/cb11956260r</controlfield>
  <controlfield tag="005">20130613</controlfield>
  <datafield tag="039" ind1=" " ind2=" ">
    <subfield code="o">OPL</subfield>
    <subfield code="a">001846829</subfield>
  </datafield>
  <datafield tag="100" ind1=" " ind2=" ">
    <subfield code="a">19830620afrey50      ba0</subfield>
  </datafield>
  <datafield tag="106" ind1=" " ind2=" ">
    <subfield code="a">201</subfield>
  </datafield>
  <datafield tag="152" ind1=" " ind2=" ">
    <subfield code="b">rameau</subfield>
    <subfield code="c">2</subfield>
  </datafield>
  <datafield tag="180" ind1=" " ind2=" ">
    <subfield code="a">a</subfield>
  </datafield>
  <datafield tag="280" ind1=" " ind2="0">
    <subfield code="7">ba0yba0y</subfield>
    <subfield code="8">fre   </subfield>
    <subfield code="a">Fac-similés</subfield>
  </datafield>
  <datafield tag="300" ind1="1" ind2=" ">
    <subfield code="a">Reproduction exacte (conforme à l&apos;original mais parfois à une autre échelle) d&apos;un document écrit, d&apos;un dessin, etc.</subfield>
  </datafield>
  <datafield tag="330" ind1=" " ind2=" ">
    <subfield code="a">S&apos;emploie également en subdivision</subfield>
  </datafield>
  <datafield tag="480" ind1=" " ind2="0">
    <subfield code="7">ba0yba0y</subfield>
    <subfield code="8">fre   </subfield>
    <subfield code="a">Reproduction en fac-similé</subfield>
  </datafield>
  <datafield tag="550" ind1=" " ind2=" ">
    <subfield code="5">g</subfield>
    <subfield code="3">11934631</subfield>
    <subfield code="7">ba0yba0y</subfield>
    <subfield code="8">fre   </subfield>
    <subfield code="a">Copie</subfield>
  </datafield>
  <datafield tag="580" ind1=" " ind2="0">
    <subfield code="5">z</subfield>
    <subfield code="0">Voir aussi</subfield>
    <subfield code="3">11975929</subfield>
    <subfield code="7">ba0yba0y</subfield>
    <subfield code="8">fre   </subfield>
    <subfield code="a">Spécimens</subfield>
  </datafield>
  <datafield tag="580" ind1=" " ind2="0">
    <subfield code="5">h</subfield>
    <subfield code="3">12110956</subfield>
    <subfield code="7">ba0yba0y</subfield>
    <subfield code="8">fre   </subfield>
    <subfield code="a">Fac-similés de manuscrits</subfield>
  </datafield>
  <datafield tag="686" ind1=" " ind2=" ">
    <subfield code="a">020</subfield>
    <subfield code="c">Sciences de l&apos;information</subfield>
    <subfield code="2">Note de regroupement par domaine</subfield>
  </datafield>
  <datafield tag="801" ind1=" " ind2=" ">
    <subfield code="a">FR</subfield>
    <subfield code="b">FR-751131015</subfield>
    <subfield code="c">20130613</subfield>
  </datafield>
  <datafield tag="810" ind1=" " ind2=" ">
    <subfield code="a">Grand Larousse universel</subfield>
    <subfield code="a">Grand Robert de la langue française, 2001</subfield>
    <subfield code="a">Trésor de la langue française</subfield>
  </datafield>
  <datafield tag="810" ind1=" " ind2=" ">
    <subfield code="a">Vocabulaire de la documentation / AFNOR, 1987</subfield>
  </datafield>
  <datafield tag="822" ind1="1" ind2="2">
    <subfield code="a">Fac-similés</subfield>
    <subfield code="2">RVMLaval</subfield>
    <subfield code="d">2013-06-13</subfield>
  </datafield>
  <datafield tag="822" ind1="1" ind2=" ">
    <subfield code="a">Facsimiles</subfield>
    <subfield code="2">LCSH</subfield>
    <subfield code="u">http://id.loc.gov/authorities/subjects/sh85046816</subfield>
    <subfield code="d">2017-02-09</subfield>
  </datafield>
</record>