
<record format="UNIMARC" type="Authority">
  <leader>01823cx  j2200385   4500</leader>
  <controlfield tag="001">FRBNF119966477</controlfield>
  <controlfield tag="003">http://catalogue.bnf.fr/ark:/12148/cb11996647g</controlfield>
  <controlfield tag="005">20220107</controlfield>
  <datafield tag="039" ind1=" " ind2=" ">
    <subfield code="o">OPL</subfield>
    <subfield code="a">002356657</subfield>
  </datafield>
  <datafield tag="100" ind1=" " ind2=" ">
    <subfield code="a">19860514afrey50      ba0</subfield>
  </datafield>
  <datafield tag="106" ind1=" " ind2=" ">
    <subfield code="a">221</subfield>
  </datafield>
  <datafield tag="152" ind1=" " ind2=" ">
    <subfield code="b">rameau</subfield>
    <subfield code="c">2</subfield>
  </datafield>
  <datafield tag="250" ind1=" " ind2=" ">
    <subfield code="7">ba0yba0y</subfield>
    <subfield code="8">fre   </subfield>
    <subfield code="a">Dans la littérature</subfield>
  </datafield>
  <datafield tag="330" ind1=" " ind2=" ">
    <subfield code="a">S&apos;emploie uniquement en subdivision</subfield>
  </datafield>
  <datafield tag="450" ind1=" " ind2=" ">
    <subfield code="7">ba0yba0y</subfield>
    <subfield code="8">fre   </subfield>
    <subfield code="a">Dans la poésie</subfield>
  </datafield>
  <datafield tag="450" ind1=" " ind2=" ">
    <subfield code="7">ba0yba0y</subfield>
    <subfield code="8">fre   </subfield>
    <subfield code="a">Dans le théâtre</subfield>
  </datafield>
  <datafield tag="450" ind1=" " ind2=" ">
    <subfield code="7">ba0yba0y</subfield>
    <subfield code="8">fre   </subfield>
    <subfield code="a">Dans les romans</subfield>
  </datafield>
  <datafield tag="450" ind1=" " ind2=" ">
    <subfield code="7">ba0yba0y</subfield>
    <subfield code="8">fre   </subfield>
    <subfield code="a">Représentation dans la littérature</subfield>
  </datafield>
  <datafield tag="450" ind1=" " ind2=" ">
    <subfield code="7">ba0yba0y</subfield>
    <subfield code="8">fre   </subfield>
    <subfield code="a">Représentation littéraire</subfield>
  </datafield>
  <datafield tag="450" ind1=" " ind2=" ">
    <subfield code="7">ba0yba0y</subfield>
    <subfield code="8">fre   </subfield>
    <subfield code="a">Représentation romanesque</subfield>
  </datafield>
  <datafield tag="450" ind1=" " ind2=" ">
    <subfield code="7">ba0yba0y</subfield>
    <subfield code="8">fre   </subfield>
    <subfield code="a">Thème littéraire</subfield>
  </datafield>
  <datafield tag="550" ind1=" " ind2=" ">
    <subfield code="5">z</subfield>
    <subfield code="0">Voir aussi</subfield>
    <subfield code="3">12156684</subfield>
    <subfield code="7">ba0yba0y</subfield>
    <subfield code="8">fre   </subfield>
    <subfield code="a">Au théâtre</subfield>
  </datafield>
  <datafield tag="550" ind1=" " ind2=" ">
    <subfield code="5">z</subfield>
    <subfield code="0">Voir aussi</subfield>
    <subfield code="3">17103399</subfield>
    <subfield code="7">ba0yba0y</subfield>
    <subfield code="8">fre   </subfield>
    <subfield code="a">Dans la Bible</subfield>
  </datafield>
  <datafield tag="550" ind1=" " ind2=" ">
    <subfield code="5">z</subfield>
    <subfield code="0">Voir aussi</subfield>
    <subfield code="3">17112508</subfield>
    <subfield code="7">ba0yba0y</subfield>
    <subfield code="8">fre   </subfield>
    <subfield code="a">Dans le Coran</subfield>
  </datafield>
  <datafield tag="550" ind1=" " ind2=" ">
    <subfield code="5">z</subfield>
    <subfield code="0">Voir aussi</subfield>
    <subfield code="3">11936508</subfield>
    <subfield code="7">ba0yba0y</subfield>
    <subfield code="8">fre   </subfield>
    <subfield code="a">Littérature</subfield>
    <subfield code="x">Thèmes, motifs</subfield>
  </datafield>
  <datafield tag="550" ind1=" " ind2=" ">
    <subfield code="5">z</subfield>
    <subfield code="0">Voir aussi</subfield>
    <subfield code="3">11939100</subfield>
    <subfield code="7">ba0yba0y</subfield>
    <subfield code="8">fre   </subfield>
    <subfield code="a">Littérature et guerre</subfield>
  </datafield>
  <datafield tag="550" ind1=" " ind2=" ">
    <subfield code="5">z</subfield>
    <subfield code="0">Voir aussi</subfield>
    <subfield code="3">11960175</subfield>
    <subfield code="7">ba0yba0y</subfield>
    <subfield code="8">fre   </subfield>
    <subfield code="a">Littérature et révolution</subfield>
  </datafield>
  <datafield tag="550" ind1=" " ind2=" ">
    <subfield code="5">h</subfield>
    <subfield code="3">16604778</subfield>
    <subfield code="7">ba0yba0y</subfield>
    <subfield code="8">fre   </subfield>
    <subfield code="a">Dans la littérature pour la jeunesse</subfield>
  </datafield>
  <datafield tag="550" ind1=" " ind2=" ">
    <subfield code="5">h</subfield>
    <subfield code="3">17031814</subfield>
    <subfield code="7">ba0yba0y</subfield>
    <subfield code="8">fre   </subfield>
    <subfield code="a">Dans la littérature rabbinique</subfield>
  </datafield>
  <datafield tag="580" ind1=" " ind2="0">
    <subfield code="5">z</subfield>
    <subfield code="0">Voir aussi</subfield>
    <subfield code="3">11939701</subfield>
    <subfield code="7">ba0yba0y</subfield>
    <subfield code="8">fre   </subfield>
    <subfield code="a">Théâtre</subfield>
    <subfield code="x">genre littéraire</subfield>
  </datafield>
  <datafield tag="580" ind1=" " ind2="0">
    <subfield code="5">z</subfield>
    <subfield code="0">Voir aussi</subfield>
    <subfield code="3">11939456</subfield>
    <subfield code="7">ba0yba0y</subfield>
    <subfield code="8">fre   </subfield>
    <subfield code="a">Littérature</subfield>
  </datafield>
  <datafield tag="686" ind1=" " ind2=" ">
    <subfield code="a">801</subfield>
    <subfield code="c">Poésie</subfield>
    <subfield code="2">Note de regroupement par domaine</subfield>
  </datafield>
  <datafield tag="801" ind1=" " ind2=" ">
    <subfield code="a">FR</subfield>
    <subfield code="b">FR-751131015</subfield>
    <subfield code="c">20220107</subfield>
  </datafield>
  <datafield tag="822" ind1="1" ind2="2">
    <subfield code="a">In literature</subfield>
    <subfield code="2">LCSH</subfield>
    <subfield code="u">http://id.loc.gov/authorities/subjects/sh2002011414</subfield>
    <subfield code="d">2022-01-07</subfield>
  </datafield>
  <datafield tag="822" ind1="1" ind2="2">
    <subfield code="a">Dans la littérature</subfield>
    <subfield code="2">RVMLaval</subfield>
    <subfield code="d">2022-01-07</subfield>
  </datafield>
</record>