
<record format="UNIMARC" type="Authority">
  <leader>00893cx  a2200229   4500</leader>
  <controlfield tag="001">FRBNF120861936</controlfield>
  <controlfield tag="003">http://catalogue.bnf.fr/ark:/12148/cb12086193n</controlfield>
  <controlfield tag="005">20120612</controlfield>
  <datafield tag="010" ind1=" " ind2=" ">
    <subfield code="a">0000000108832117</subfield>
    <subfield code="2">VIAF</subfield>
    <subfield code="d">20130724</subfield>
  </datafield>
  <datafield tag="039" ind1=" " ind2=" ">
    <subfield code="o">OPL</subfield>
    <subfield code="a">004141190</subfield>
  </datafield>
  <datafield tag="039" ind1=" " ind2=" ">
    <subfield code="o">OPP</subfield>
    <subfield code="a">14356331</subfield>
    <subfield code="d">20120605</subfield>
  </datafield>
  <datafield tag="100" ind1=" " ind2=" ">
    <subfield code="a">19880928afrey50      ba0</subfield>
  </datafield>
  <datafield tag="101" ind1=" " ind2=" ">
    <subfield code="a">fre</subfield>
    <subfield code="t">gmh</subfield>
    <subfield code="t">rus</subfield>
  </datafield>
  <datafield tag="102" ind1=" " ind2=" ">
    <subfield code="a">FR</subfield>
  </datafield>
  <datafield tag="103" ind1=" " ind2=" ">
    <subfield code="a"> 19460711</subfield>
  </datafield>
  <datafield tag="105" ind1=" " ind2=" ">
    <subfield code="a">a</subfield>
    <subfield code="a">p</subfield>
  </datafield>
  <datafield tag="106" ind1=" " ind2=" ">
    <subfield code="a">1</subfield>
  </datafield>
  <datafield tag="120" ind1=" " ind2=" ">
    <subfield code="a">b</subfield>
  </datafield>
  <datafield tag="200" ind1=" " ind2=" ">
    <subfield code="7">ba0yba0y</subfield>
    <subfield code="8">fre   </subfield>
    <subfield code="9"> 0 </subfield>
    <subfield code="a">Cazacu</subfield>
    <subfield code="b">Matei</subfield>
    <subfield code="f">1946-....</subfield>
  </datafield>
  <datafield tag="300" ind1="0" ind2=" ">
    <subfield code="a">Chercheur au CNRS (en 1988). - Enseigne l&apos;histoire de la Roumanie à l&apos;Université de Paris IV (en 1988). - Chargé de recherche à l&apos;Institut de recherche et d&apos;histoire des textes, section slave (en 1983). - Archiviste paléographe (1977)</subfield>
  </datafield>
  <datafield tag="801" ind1=" " ind2=" ">
    <subfield code="a">FR</subfield>
    <subfield code="b">FR-751131015</subfield>
    <subfield code="c">20120612</subfield>
  </datafield>
  <datafield tag="810" ind1=" " ind2=" ">
    <subfield code="a">L&apos;Histoire du prince Dracula... : éd. critique, trad. et commentaire / M. Cazacu, 1988</subfield>
  </datafield>
</record>