
<record format="UNIMARC" type="Authority">
  <leader>01612cx  a2200337   4500</leader>
  <controlfield tag="001">FRBNF121506653</controlfield>
  <controlfield tag="003">http://catalogue.bnf.fr/ark:/12148/cb12150665w</controlfield>
  <controlfield tag="005">20170718</controlfield>
  <datafield tag="010" ind1=" " ind2=" ">
    <subfield code="a">0000000031532932</subfield>
    <subfield code="2">VIAF</subfield>
    <subfield code="d">20130725</subfield>
  </datafield>
  <datafield tag="039" ind1=" " ind2=" ">
    <subfield code="o">OPL</subfield>
    <subfield code="a">005123601</subfield>
    <subfield code="z">AMA</subfield>
  </datafield>
  <datafield tag="039" ind1=" " ind2=" ">
    <subfield code="o">OPL</subfield>
    <subfield code="a">005116628</subfield>
    <subfield code="z">APP</subfield>
  </datafield>
  <datafield tag="039" ind1=" " ind2=" ">
    <subfield code="o">OPP</subfield>
    <subfield code="a">14893882</subfield>
    <subfield code="d">20070523</subfield>
  </datafield>
  <datafield tag="100" ind1=" " ind2=" ">
    <subfield code="a">19900615afrey50      ba0</subfield>
  </datafield>
  <datafield tag="101" ind1=" " ind2=" ">
    <subfield code="a">fre</subfield>
  </datafield>
  <datafield tag="102" ind1=" " ind2=" ">
    <subfield code="a">FR</subfield>
  </datafield>
  <datafield tag="103" ind1=" " ind2=" ">
    <subfield code="a"> 19500407</subfield>
  </datafield>
  <datafield tag="105" ind1=" " ind2=" ">
    <subfield code="a">a</subfield>
    <subfield code="a">i</subfield>
    <subfield code="a">p</subfield>
    <subfield code="a">c</subfield>
  </datafield>
  <datafield tag="106" ind1=" " ind2=" ">
    <subfield code="a">010</subfield>
  </datafield>
  <datafield tag="120" ind1=" " ind2=" ">
    <subfield code="a">b</subfield>
  </datafield>
  <datafield tag="200" ind1=" " ind2=" ">
    <subfield code="7">ba0yba0y</subfield>
    <subfield code="8">fre   </subfield>
    <subfield code="9"> 0 </subfield>
    <subfield code="a">Gallotta</subfield>
    <subfield code="b">Jean-Claude</subfield>
    <subfield code="f">1950-....</subfield>
  </datafield>
  <datafield tag="300" ind1=" " ind2=" ">
    <subfield code="a">Chorégraphe. - Directeur artistique du Cargo à Grenoble (1986-1989) et du Centre chorégraphique national de Grenoble</subfield>
  </datafield>
  <datafield tag="301" ind1=" " ind2=" ">
    <subfield code="a">Grenoble</subfield>
  </datafield>
  <datafield tag="510" ind1=" " ind2=" ">
    <subfield code="5">xxxz</subfield>
    <subfield code="0">Dirige : </subfield>
    <subfield code="3">15090521</subfield>
    <subfield code="7">ba0yba0y</subfield>
    <subfield code="8">fre   </subfield>
    <subfield code="9">20 </subfield>
    <subfield code="a">Groupe Émile Dubois</subfield>
    <subfield code="p">1979-....</subfield>
  </datafield>
  <datafield tag="510" ind1=" " ind2=" ">
    <subfield code="5">xxxz</subfield>
    <subfield code="0">Dirige : </subfield>
    <subfield code="3">12395021</subfield>
    <subfield code="7">ba0yba0y</subfield>
    <subfield code="8">fre   </subfield>
    <subfield code="9">20 </subfield>
    <subfield code="a">Centre chorégraphique national de Grenoble</subfield>
    <subfield code="p">1984-....</subfield>
  </datafield>
  <datafield tag="530" ind1=" " ind2=" ">
    <subfield code="5">z</subfield>
    <subfield code="0">Réalisateur de : </subfield>
    <subfield code="3">17703270</subfield>
    <subfield code="a">Rei Dom ou la légende des Kreuls (film)</subfield>
  </datafield>
  <datafield tag="530" ind1=" " ind2=" ">
    <subfield code="5">z</subfield>
    <subfield code="0">Réalisateur de : </subfield>
    <subfield code="3">17702883</subfield>
    <subfield code="a">Carnets d&apos;un toubab (film)</subfield>
  </datafield>
  <datafield tag="530" ind1=" " ind2=" ">
    <subfield code="5">z</subfield>
    <subfield code="0">Réalisateur de : </subfield>
    <subfield code="3">17702879</subfield>
    <subfield code="a">Carnets d&apos;altitude (film)</subfield>
  </datafield>
  <datafield tag="686" ind1=" " ind2=" ">
    <subfield code="a">790</subfield>
    <subfield code="c">Spectacles et loisirs (généralités)</subfield>
    <subfield code="2">Note de regroupement par domaine</subfield>
  </datafield>
  <datafield tag="801" ind1=" " ind2=" ">
    <subfield code="a">FR</subfield>
    <subfield code="b">FR-751131015</subfield>
    <subfield code="c">20170718</subfield>
  </datafield>
  <datafield tag="810" ind1=" " ind2=" ">
    <subfield code="a">Mémoires d&apos;un dictaphone : notes d&apos;un chorégraphe / Jean-Claude Gallotta, 1990</subfield>
  </datafield>
  <datafield tag="810" ind1=" " ind2=" ">
    <subfield code="a">WW, France 1995-1996</subfield>
    <subfield code="a">Dictionnaire de la danse / sous la dir. de Philippe Le Moal, 1999</subfield>
    <subfield code="a">99 biographies pour comprendre la jeune danse française (Les saisons de la danse. Numéro hors série - été 97)</subfield>
  </datafield>
</record>