
<record format="UNIMARC" type="Authority">
  <leader>00814cx  a2200229   4500</leader>
  <controlfield tag="001">FRBNF121697023</controlfield>
  <controlfield tag="003">http://catalogue.bnf.fr/ark:/12148/cb12169702n</controlfield>
  <controlfield tag="005">20110329</controlfield>
  <datafield tag="010" ind1=" " ind2=" ">
    <subfield code="a">0000000121252440</subfield>
    <subfield code="2">VIAF</subfield>
    <subfield code="d">20130725</subfield>
  </datafield>
  <datafield tag="039" ind1=" " ind2=" ">
    <subfield code="o">OPL</subfield>
    <subfield code="a">005498409</subfield>
  </datafield>
  <datafield tag="039" ind1=" " ind2=" ">
    <subfield code="o">OPP</subfield>
    <subfield code="a">14773307</subfield>
    <subfield code="d">20110329</subfield>
  </datafield>
  <datafield tag="100" ind1=" " ind2=" ">
    <subfield code="a">19901120afrey50      ba0</subfield>
  </datafield>
  <datafield tag="101" ind1=" " ind2=" ">
    <subfield code="a">fre</subfield>
  </datafield>
  <datafield tag="102" ind1=" " ind2=" ">
    <subfield code="a">FR</subfield>
  </datafield>
  <datafield tag="103" ind1=" " ind2=" ">
    <subfield code="a"> 19..</subfield>
  </datafield>
  <datafield tag="105" ind1=" " ind2=" ">
    <subfield code="a">a</subfield>
  </datafield>
  <datafield tag="106" ind1=" " ind2=" ">
    <subfield code="a">1</subfield>
  </datafield>
  <datafield tag="120" ind1=" " ind2=" ">
    <subfield code="a">b</subfield>
  </datafield>
  <datafield tag="200" ind1=" " ind2=" ">
    <subfield code="7">ba0yba0y</subfield>
    <subfield code="8">fre   </subfield>
    <subfield code="9"> 0 </subfield>
    <subfield code="a">Pozzuoli</subfield>
    <subfield code="b">Alain</subfield>
  </datafield>
  <datafield tag="300" ind1="0" ind2=" ">
    <subfield code="a">Parolier pour diverses chanteuses et scénariste, biographe de Bram Stoker et spécialiste de Dracula. - Auteur radio pour France Inter et France Culture (en 2009)</subfield>
  </datafield>
  <datafield tag="801" ind1=" " ind2=" ">
    <subfield code="a">FR</subfield>
    <subfield code="b">FR-751131015</subfield>
    <subfield code="c">20110329</subfield>
  </datafield>
  <datafield tag="810" ind1=" " ind2=" ">
    <subfield code="a">Bram Stoker, prince des ténèbres / A. Pozzuoli, 1989</subfield>
    <subfield code="a">Dictionnaire des yé-yés / Alain Pozzuoli, impr. 2009</subfield>
  </datafield>
</record>