
<record format="UNIMARC" type="Authority">
  <leader>01199cx  a2200301   4500</leader>
  <controlfield tag="001">FRBNF121714679</controlfield>
  <controlfield tag="003">http://catalogue.bnf.fr/ark:/12148/cb12171467p</controlfield>
  <controlfield tag="005">20141105</controlfield>
  <datafield tag="010" ind1=" " ind2=" ">
    <subfield code="a">0000000116057085</subfield>
    <subfield code="2">ISNI</subfield>
    <subfield code="d">20170818</subfield>
  </datafield>
  <datafield tag="039" ind1=" " ind2=" ">
    <subfield code="o">OPL</subfield>
    <subfield code="a">006620175</subfield>
    <subfield code="z">AMA</subfield>
  </datafield>
  <datafield tag="039" ind1=" " ind2=" ">
    <subfield code="o">OPL</subfield>
    <subfield code="a">005582063</subfield>
    <subfield code="z">APP</subfield>
  </datafield>
  <datafield tag="039" ind1=" " ind2=" ">
    <subfield code="o">OPP</subfield>
    <subfield code="a">13989757</subfield>
    <subfield code="d">20141105</subfield>
  </datafield>
  <datafield tag="039" ind1=" " ind2=" ">
    <subfield code="o">OPP</subfield>
    <subfield code="a">11627758</subfield>
    <subfield code="d">20141105</subfield>
  </datafield>
  <datafield tag="100" ind1=" " ind2=" ">
    <subfield code="a">19901126afrey50      ba0</subfield>
  </datafield>
  <datafield tag="101" ind1=" " ind2=" ">
    <subfield code="a">ger</subfield>
  </datafield>
  <datafield tag="102" ind1=" " ind2=" ">
    <subfield code="a">XX</subfield>
  </datafield>
  <datafield tag="103" ind1=" " ind2=" ">
    <subfield code="a"> 18821107  19421121</subfield>
  </datafield>
  <datafield tag="105" ind1=" " ind2=" ">
    <subfield code="a">a</subfield>
  </datafield>
  <datafield tag="106" ind1=" " ind2=" ">
    <subfield code="a">010</subfield>
  </datafield>
  <datafield tag="120" ind1=" " ind2=" ">
    <subfield code="a">b</subfield>
  </datafield>
  <datafield tag="152" ind1=" " ind2=" ">
    <subfield code="c">2</subfield>
  </datafield>
  <datafield tag="200" ind1=" " ind2=" ">
    <subfield code="7">ba0yba0y</subfield>
    <subfield code="8">fre   </subfield>
    <subfield code="9"> 0 </subfield>
    <subfield code="a">Erdmann</subfield>
    <subfield code="b">Hans</subfield>
    <subfield code="f">1882-1942</subfield>
  </datafield>
  <datafield tag="300" ind1=" " ind2=" ">
    <subfield code="a">Compositeur de musique de film et théoricien. - Rédacteur en chef de la Revue Film-Ton-Kunst (en 1926). - Membre fondateur de la Gesellschaft der Film-Musik-Autoren</subfield>
  </datafield>
  <datafield tag="301" ind1=" " ind2=" ">
    <subfield code="a">Breslau, Allemagne</subfield>
    <subfield code="b">Berlin</subfield>
  </datafield>
  <datafield tag="400" ind1=" " ind2=" ">
    <subfield code="7">ba0yba0y</subfield>
    <subfield code="8">fre   </subfield>
    <subfield code="a">Guckel</subfield>
    <subfield code="b">Hans Erdmann Timotheos</subfield>
    <subfield code="f">1882-1942</subfield>
  </datafield>
  <datafield tag="686" ind1=" " ind2=" ">
    <subfield code="a">791</subfield>
    <subfield code="c">Audiovisuel</subfield>
    <subfield code="2">Note de regroupement par domaine</subfield>
  </datafield>
  <datafield tag="801" ind1=" " ind2=" ">
    <subfield code="a">FR</subfield>
    <subfield code="b">FR-751131015</subfield>
    <subfield code="c">20141105</subfield>
  </datafield>
  <datafield tag="810" ind1=" " ind2=" ">
    <subfield code="a">Allgemeines Handbuch der Film-Musik : I. Musik und Film Verzeichnisse [-II. Thematisches Skalenregister] / von Hans Erdmann und Giuseppe Becce ; unter Mitarbeit von Ludwig Brav, 1927</subfield>
  </datafield>
</record>