
<record format="UNIMARC" type="Authority">
  <leader>01080cx  a2200217   4500</leader>
  <controlfield tag="001">FRBNF121791444</controlfield>
  <controlfield tag="003">http://catalogue.bnf.fr/ark:/12148/cb121791444</controlfield>
  <controlfield tag="005">20051020</controlfield>
  <datafield tag="010" ind1=" " ind2=" ">
    <subfield code="a">0000000039324716</subfield>
    <subfield code="2">VIAF</subfield>
    <subfield code="d">20130725</subfield>
  </datafield>
  <datafield tag="039" ind1=" " ind2=" ">
    <subfield code="o">OPL</subfield>
    <subfield code="a">005968104</subfield>
  </datafield>
  <datafield tag="100" ind1=" " ind2=" ">
    <subfield code="a">19901227afrey50      ba0</subfield>
  </datafield>
  <datafield tag="101" ind1=" " ind2=" ">
    <subfield code="a">fre</subfield>
  </datafield>
  <datafield tag="102" ind1=" " ind2=" ">
    <subfield code="a">FR</subfield>
  </datafield>
  <datafield tag="103" ind1=" " ind2=" ">
    <subfield code="a"> 19..</subfield>
  </datafield>
  <datafield tag="105" ind1=" " ind2=" ">
    <subfield code="a">a</subfield>
  </datafield>
  <datafield tag="106" ind1=" " ind2=" ">
    <subfield code="a">1</subfield>
  </datafield>
  <datafield tag="120" ind1=" " ind2=" ">
    <subfield code="a">b</subfield>
  </datafield>
  <datafield tag="200" ind1=" " ind2=" ">
    <subfield code="7">ba0yba0y</subfield>
    <subfield code="8">fre   </subfield>
    <subfield code="9"> 0 </subfield>
    <subfield code="a">Sipière</subfield>
    <subfield code="b">Dominique</subfield>
  </datafield>
  <datafield tag="300" ind1="0" ind2=" ">
    <subfield code="a">Agrégé d&apos;anglais et docteur ès lettres. - Spécialiste de cinéma classique américain. - Maître de conférences à l&apos;Université de Picardie (en 1995) puis professeur à l&apos;Université du Littoral (en 2005). - Président honoraire de la SERCIA, Société d&apos;études et de recherches sur le cinéma anglophone (en 2005)</subfield>
  </datafield>
  <datafield tag="801" ind1=" " ind2=" ">
    <subfield code="a">FR</subfield>
    <subfield code="b">FR-751131015</subfield>
    <subfield code="c">20051020</subfield>
  </datafield>
  <datafield tag="810" ind1=" " ind2=" ">
    <subfield code="a">Mariages à la mode anglo-saxonne / textes réunis et présentés par Roger Lejosne et Dominique Sipière, 1995</subfield>
    <subfield code="a">&quot;Dracula&quot; : l&apos;oeuvre de Bram Stoker et le film de Francis F. Coppola / ouvrage dirigé par Gilles Menegaldo et Dominique Sipière, impr. 2005</subfield>
  </datafield>
</record>