
<record format="UNIMARC" type="Authority">
  <leader>00985cx  a2200253   4500</leader>
  <controlfield tag="001">FRBNF122027652</controlfield>
  <controlfield tag="003">http://catalogue.bnf.fr/ark:/12148/cb12202765s</controlfield>
  <controlfield tag="005">20120622</controlfield>
  <datafield tag="010" ind1=" " ind2=" ">
    <subfield code="a">0000000000646937</subfield>
    <subfield code="2">VIAF</subfield>
    <subfield code="d">20130725</subfield>
  </datafield>
  <datafield tag="039" ind1=" " ind2=" ">
    <subfield code="o">OPL</subfield>
    <subfield code="a">007083059</subfield>
  </datafield>
  <datafield tag="039" ind1=" " ind2=" ">
    <subfield code="o">OPP</subfield>
    <subfield code="a">13995923</subfield>
    <subfield code="d">20110919</subfield>
  </datafield>
  <datafield tag="100" ind1=" " ind2=" ">
    <subfield code="a">19910531afrey50      ba0</subfield>
  </datafield>
  <datafield tag="101" ind1=" " ind2=" ">
    <subfield code="a">fre</subfield>
  </datafield>
  <datafield tag="102" ind1=" " ind2=" ">
    <subfield code="a">FR</subfield>
  </datafield>
  <datafield tag="103" ind1=" " ind2=" ">
    <subfield code="a"> 19..</subfield>
  </datafield>
  <datafield tag="105" ind1=" " ind2=" ">
    <subfield code="a">a</subfield>
  </datafield>
  <datafield tag="106" ind1=" " ind2=" ">
    <subfield code="a">1</subfield>
  </datafield>
  <datafield tag="120" ind1=" " ind2=" ">
    <subfield code="a">a</subfield>
  </datafield>
  <datafield tag="200" ind1=" " ind2=" ">
    <subfield code="7">ba0yba0y</subfield>
    <subfield code="8">fre   </subfield>
    <subfield code="9"> 0 </subfield>
    <subfield code="a">Sendre-Haïdar</subfield>
    <subfield code="b">Michèle</subfield>
  </datafield>
  <datafield tag="300" ind1="0" ind2=" ">
    <subfield code="a">Inspectrice de l&apos;Éducation nationale (en 2010)</subfield>
  </datafield>
  <datafield tag="400" ind1=" " ind2=" ">
    <subfield code="7">ba0yba0y</subfield>
    <subfield code="8">fre   </subfield>
    <subfield code="a">Sendre</subfield>
    <subfield code="b">Michèle</subfield>
  </datafield>
  <datafield tag="400" ind1=" " ind2=" ">
    <subfield code="7">ba0yba0y</subfield>
    <subfield code="8">fre   </subfield>
    <subfield code="a">Haïdar</subfield>
    <subfield code="b">Michèle Sendre-</subfield>
  </datafield>
  <datafield tag="801" ind1=" " ind2=" ">
    <subfield code="a">FR</subfield>
    <subfield code="b">FR-751131015</subfield>
    <subfield code="c">20120622</subfield>
  </datafield>
  <datafield tag="810" ind1=" " ind2=" ">
    <subfield code="a">Français 3e / Simone Delesalle, Michèle Sendre, Christine Eschenbrenner et Françoise Torregrosa, 1992</subfield>
    <subfield code="a">La nuit du renard / Mary Higgins Clark ; trad. de l&apos;américain par Anne Damour ; présentation, notes, questions et après-texte établis par Michèle Sendre-Haïdar, 2000</subfield>
  </datafield>
</record>