
<record format="UNIMARC" type="Authority">
  <leader>01132cx  a2200289   4500</leader>
  <controlfield tag="001">FRBNF122613366</controlfield>
  <controlfield tag="003">http://catalogue.bnf.fr/ark:/12148/cb122613363</controlfield>
  <controlfield tag="005">20090203</controlfield>
  <datafield tag="010" ind1=" " ind2=" ">
    <subfield code="a">000000008170961X</subfield>
    <subfield code="2">VIAF</subfield>
    <subfield code="d">20130725</subfield>
  </datafield>
  <datafield tag="039" ind1=" " ind2=" ">
    <subfield code="o">OPL</subfield>
    <subfield code="a">008330224</subfield>
  </datafield>
  <datafield tag="039" ind1=" " ind2=" ">
    <subfield code="o">OPP</subfield>
    <subfield code="a">14032109</subfield>
    <subfield code="d">20061220</subfield>
  </datafield>
  <datafield tag="100" ind1=" " ind2=" ">
    <subfield code="a">19920902afrey50      ba0</subfield>
  </datafield>
  <datafield tag="101" ind1=" " ind2=" ">
    <subfield code="a">eng</subfield>
  </datafield>
  <datafield tag="102" ind1=" " ind2=" ">
    <subfield code="a">US</subfield>
  </datafield>
  <datafield tag="103" ind1=" " ind2=" ">
    <subfield code="a"> 1960</subfield>
  </datafield>
  <datafield tag="105" ind1=" " ind2=" ">
    <subfield code="a">a</subfield>
  </datafield>
  <datafield tag="106" ind1=" " ind2=" ">
    <subfield code="a">1</subfield>
  </datafield>
  <datafield tag="120" ind1=" " ind2=" ">
    <subfield code="a">b</subfield>
  </datafield>
  <datafield tag="152" ind1=" " ind2=" ">
    <subfield code="c">2</subfield>
  </datafield>
  <datafield tag="200" ind1=" " ind2=" ">
    <subfield code="7">ba0yba0y</subfield>
    <subfield code="8">fre   </subfield>
    <subfield code="9"> 0 </subfield>
    <subfield code="a">Hart</subfield>
    <subfield code="b">James V.</subfield>
    <subfield code="f">1960-....</subfield>
  </datafield>
  <datafield tag="300" ind1="0" ind2=" ">
    <subfield code="a">Scénariste et producteur de films</subfield>
  </datafield>
  <datafield tag="400" ind1=" " ind2=" ">
    <subfield code="7">ba0yba0y</subfield>
    <subfield code="8">fre   </subfield>
    <subfield code="a">Hart</subfield>
    <subfield code="b">Jim V.</subfield>
    <subfield code="f">1960-....</subfield>
  </datafield>
  <datafield tag="400" ind1=" " ind2=" ">
    <subfield code="7">ba0yba0y</subfield>
    <subfield code="8">fre   </subfield>
    <subfield code="a">Hart</subfield>
    <subfield code="b">Jim</subfield>
    <subfield code="f">1960-....</subfield>
  </datafield>
  <datafield tag="801" ind1=" " ind2=" ">
    <subfield code="a">FR</subfield>
    <subfield code="b">FR-751131015</subfield>
    <subfield code="c">20090203</subfield>
  </datafield>
  <datafield tag="810" ind1=" " ind2=" ">
    <subfield code="a">Dracula / Fred Saberhagen et James V. Hart, 1992</subfield>
    <subfield code="a">Hook ou la revanche du Capitaine Crochet [Images animées] / Steven Spielberg, réal. ; [...] Jim V. Hart, scénario, adapt., [1993]</subfield>
  </datafield>
  <datafield tag="810" ind1=" " ind2=" ">
    <subfield code="a">LC authorities - http://authorities.loc.gov (2006-12-05)</subfield>
    <subfield code="a">IMDB - http://www.imdb.com/name/nm0366337 (2008-10-21)</subfield>
  </datafield>
  <datafield tag="856" ind1=" " ind2=" ">
    <subfield code="u">http://authorities.loc.gov/</subfield>
    <subfield code="e">2006-12-05</subfield>
    <subfield code="u">http://www.imdb.com/name/nm0366337/</subfield>
    <subfield code="e">2008-10-21</subfield>
  </datafield>
</record>