
<record format="UNIMARC" type="Authority">
  <leader>00871cx  a2200217   4500</leader>
  <controlfield tag="001">FRBNF123453434</controlfield>
  <controlfield tag="003">http://catalogue.bnf.fr/ark:/12148/cb123453433</controlfield>
  <controlfield tag="005">20170220</controlfield>
  <datafield tag="010" ind1=" " ind2=" ">
    <subfield code="a">0000000122818514</subfield>
    <subfield code="2">VIAF</subfield>
    <subfield code="d">20130726</subfield>
  </datafield>
  <datafield tag="039" ind1=" " ind2=" ">
    <subfield code="o">OPL</subfield>
    <subfield code="a">009387413</subfield>
  </datafield>
  <datafield tag="100" ind1=" " ind2=" ">
    <subfield code="a">19931104afrey50      ba0</subfield>
  </datafield>
  <datafield tag="101" ind1=" " ind2=" ">
    <subfield code="a">fre</subfield>
  </datafield>
  <datafield tag="102" ind1=" " ind2=" ">
    <subfield code="a">FR</subfield>
  </datafield>
  <datafield tag="103" ind1=" " ind2=" ">
    <subfield code="a"> 19470531</subfield>
  </datafield>
  <datafield tag="105" ind1=" " ind2=" ">
    <subfield code="a">a</subfield>
  </datafield>
  <datafield tag="106" ind1=" " ind2=" ">
    <subfield code="a">1</subfield>
  </datafield>
  <datafield tag="120" ind1=" " ind2=" ">
    <subfield code="a">b</subfield>
  </datafield>
  <datafield tag="200" ind1=" " ind2=" ">
    <subfield code="7">ba0yba0y</subfield>
    <subfield code="8">fre   </subfield>
    <subfield code="9"> 0 </subfield>
    <subfield code="a">Ménégaldo</subfield>
    <subfield code="b">Gilles</subfield>
    <subfield code="f">1947-....</subfield>
  </datafield>
  <datafield tag="300" ind1="0" ind2=" ">
    <subfield code="a">Professeur de littérature et cinéma à l&apos;Université de Poitiers (en 2003). - Président de la SERCIA, Société d&apos;études et de recherches sur le cinéma anglo-saxon (en 2003)</subfield>
  </datafield>
  <datafield tag="801" ind1=" " ind2=" ">
    <subfield code="a">FR</subfield>
    <subfield code="b">FR-751131015</subfield>
    <subfield code="c">20170220</subfield>
  </datafield>
  <datafield tag="810" ind1=" " ind2=" ">
    <subfield code="a">Dracula / dir. par Jean Marigny, 1997</subfield>
    <subfield code="a">&quot;A streetcar named desire&quot;, Tennesse Williams, 1947, Elia Kazan, 1951... / dir. par Gilles Menegaldo et Anne-Marie Paquet-Deyris, 2003</subfield>
  </datafield>
</record>