
<record format="UNIMARC" type="Authority">
  <leader>01845cx  l2200337   4500</leader>
  <controlfield tag="001">FRBNF125187886</controlfield>
  <controlfield tag="003">http://catalogue.bnf.fr/ark:/12148/cb12518788m</controlfield>
  <controlfield tag="005">20150304</controlfield>
  <datafield tag="039" ind1=" " ind2=" ">
    <subfield code="o">OPL</subfield>
    <subfield code="a">012616085</subfield>
  </datafield>
  <datafield tag="100" ind1=" " ind2=" ">
    <subfield code="a">19960626afrey50      ba0</subfield>
  </datafield>
  <datafield tag="106" ind1=" " ind2=" ">
    <subfield code="a">211</subfield>
  </datafield>
  <datafield tag="152" ind1=" " ind2=" ">
    <subfield code="b">rameau</subfield>
    <subfield code="c">2</subfield>
  </datafield>
  <datafield tag="180" ind1=" " ind2=" ">
    <subfield code="a">b</subfield>
  </datafield>
  <datafield tag="280" ind1=" " ind2="0">
    <subfield code="7">ba0yba0y</subfield>
    <subfield code="8">fre   </subfield>
    <subfield code="a">Comédies (cinéma)</subfield>
  </datafield>
  <datafield tag="330" ind1=" " ind2=" ">
    <subfield code="a">Sous cette vedette, on trouve les films de comédie eux-mêmes. Les documents sur ces films se trouvent sous la vedette Comédies (cinéma) suivie de Histoire et critique ou toute autre subdivision de sujet ou de forme appropriée. [Note d&apos;application à mettre à jour]</subfield>
  </datafield>
  <datafield tag="480" ind1=" " ind2="0">
    <subfield code="7">ba0yba0y</subfield>
    <subfield code="8">fre   </subfield>
    <subfield code="a">Comédies américaines (cinéma)</subfield>
  </datafield>
  <datafield tag="480" ind1=" " ind2="0">
    <subfield code="7">ba0yba0y</subfield>
    <subfield code="8">fre   </subfield>
    <subfield code="a">Comédies romantiques (cinéma)</subfield>
  </datafield>
  <datafield tag="480" ind1=" " ind2="0">
    <subfield code="7">ba0yba0y</subfield>
    <subfield code="8">fre   </subfield>
    <subfield code="9">  2</subfield>
    <subfield code="a">Comédies romantiques (films)</subfield>
  </datafield>
  <datafield tag="480" ind1=" " ind2="0">
    <subfield code="7">ba0yba0y</subfield>
    <subfield code="8">fre   </subfield>
    <subfield code="a">Comédies sentimentales (cinéma)</subfield>
  </datafield>
  <datafield tag="480" ind1=" " ind2="0">
    <subfield code="7">ba0yba0y</subfield>
    <subfield code="8">fre   </subfield>
    <subfield code="a">Films de comédie</subfield>
  </datafield>
  <datafield tag="580" ind1=" " ind2="0">
    <subfield code="5">z</subfield>
    <subfield code="0">Voir aussi</subfield>
    <subfield code="3">11961594</subfield>
    <subfield code="7">ba0yba0y</subfield>
    <subfield code="8">fre   </subfield>
    <subfield code="a">Films musicaux</subfield>
  </datafield>
  <datafield tag="580" ind1=" " ind2="0">
    <subfield code="5">h</subfield>
    <subfield code="3">14449639</subfield>
    <subfield code="7">ba0yba0y</subfield>
    <subfield code="8">fre   </subfield>
    <subfield code="a">Comédies dramatiques (cinéma)</subfield>
  </datafield>
  <datafield tag="580" ind1=" " ind2="0">
    <subfield code="5">h</subfield>
    <subfield code="3">12465375</subfield>
    <subfield code="7">ba0yba0y</subfield>
    <subfield code="8">fre   </subfield>
    <subfield code="a">Comédies loufoques (cinéma)</subfield>
  </datafield>
  <datafield tag="580" ind1=" " ind2="0">
    <subfield code="5">h</subfield>
    <subfield code="3">11941480</subfield>
    <subfield code="7">ba0yba0y</subfield>
    <subfield code="8">fre   </subfield>
    <subfield code="a">Films comiques</subfield>
  </datafield>
  <datafield tag="580" ind1=" " ind2="0">
    <subfield code="5">g</subfield>
    <subfield code="3">16242273</subfield>
    <subfield code="7">ba0yba0y</subfield>
    <subfield code="8">fre   </subfield>
    <subfield code="a">Films de fiction</subfield>
  </datafield>
  <datafield tag="686" ind1=" " ind2=" ">
    <subfield code="a">791</subfield>
    <subfield code="c">Audiovisuel</subfield>
    <subfield code="2">Note de regroupement par domaine</subfield>
  </datafield>
  <datafield tag="801" ind1=" " ind2=" ">
    <subfield code="a">FR</subfield>
    <subfield code="b">FR-751131015</subfield>
    <subfield code="c">20150304</subfield>
  </datafield>
  <datafield tag="810" ind1=" " ind2=" ">
    <subfield code="a">Encycl. Larousse (art. : Comédie) - http://www.larousse.fr (2015-02-24)</subfield>
  </datafield>
  <datafield tag="810" ind1=" " ind2=" ">
    <subfield code="a">Comédies françaises : portrait de la France qui rit, de &quot;La grande vadrouille&quot; aux &quot;Ch&apos;tis&quot; / S. Grassin, R. Sender, 2011</subfield>
    <subfield code="a">Dict. du cinéma / J.-L. Passek, 1991 (art. : Comédie américaine)</subfield>
  </datafield>
  <datafield tag="822" ind1="1" ind2=" ">
    <subfield code="a">Comedy films</subfield>
    <subfield code="2">LCSH</subfield>
    <subfield code="u">http://id.loc.gov/authorities/subjects/sh85028846</subfield>
    <subfield code="d">2017-02-09</subfield>
  </datafield>
  <datafield tag="856" ind1=" " ind2=" ">
    <subfield code="u">http://www.larousse.fr</subfield>
    <subfield code="e">2015-02-24</subfield>
  </datafield>
</record>