
<record format="UNIMARC" type="Authority">
  <leader>00801cx  a2200205   4500</leader>
  <controlfield tag="001">FRBNF128234597</controlfield>
  <controlfield tag="003">http://catalogue.bnf.fr/ark:/12148/cb12823459q</controlfield>
  <controlfield tag="005">20050303</controlfield>
  <datafield tag="010" ind1=" " ind2=" ">
    <subfield code="a">0000000042132029</subfield>
    <subfield code="2">VIAF</subfield>
    <subfield code="d">20130730</subfield>
  </datafield>
  <datafield tag="039" ind1=" " ind2=" ">
    <subfield code="o">OPL</subfield>
    <subfield code="a">006382578</subfield>
  </datafield>
  <datafield tag="100" ind1=" " ind2=" ">
    <subfield code="a">19910222afrey50      ba0</subfield>
  </datafield>
  <datafield tag="101" ind1=" " ind2=" ">
    <subfield code="a">fre</subfield>
  </datafield>
  <datafield tag="102" ind1=" " ind2=" ">
    <subfield code="a">FR</subfield>
  </datafield>
  <datafield tag="103" ind1=" " ind2=" ">
    <subfield code="a"> 19..</subfield>
  </datafield>
  <datafield tag="105" ind1=" " ind2=" ">
    <subfield code="a">a</subfield>
  </datafield>
  <datafield tag="106" ind1=" " ind2=" ">
    <subfield code="a">1</subfield>
  </datafield>
  <datafield tag="120" ind1=" " ind2=" ">
    <subfield code="a">a</subfield>
  </datafield>
  <datafield tag="200" ind1=" " ind2=" ">
    <subfield code="7">ba0yba0y</subfield>
    <subfield code="8">fre   </subfield>
    <subfield code="9"> 0 </subfield>
    <subfield code="a">Lanone</subfield>
    <subfield code="b">Catherine</subfield>
  </datafield>
  <datafield tag="801" ind1=" " ind2=" ">
    <subfield code="a">FR</subfield>
    <subfield code="b">FR-751131015</subfield>
    <subfield code="c">20050303</subfield>
  </datafield>
  <datafield tag="810" ind1=" " ind2=" ">
    <subfield code="a">Anglophonia : les vestiges du gothique : le rôle du reste : [Anglophonia 15 / 2004], French journal of English studies] / numéro coord. par Catherine Lanone, Aurélie Guillain et Philippe Birgy ; publ. avec le concours du centre de recherches &quot;Cultures Anglo-Saxonnes&quot; de l&apos;Université de Toulouse-Le Mirail, 2004</subfield>
  </datafield>
</record>