
<record format="UNIMARC" type="Authority">
  <leader>01869cx  a2200433   4500</leader>
  <controlfield tag="001">FRBNF135762495</controlfield>
  <controlfield tag="003">http://catalogue.bnf.fr/ark:/12148/cb135762497</controlfield>
  <controlfield tag="005">20140909</controlfield>
  <datafield tag="010" ind1=" " ind2=" ">
    <subfield code="a">0000000355696677</subfield>
    <subfield code="2">VIAF</subfield>
    <subfield code="d">20130731</subfield>
  </datafield>
  <datafield tag="039" ind1=" " ind2=" ">
    <subfield code="o">OPL</subfield>
    <subfield code="a">015219473</subfield>
    <subfield code="z">AMA</subfield>
  </datafield>
  <datafield tag="039" ind1=" " ind2=" ">
    <subfield code="o">OPP</subfield>
    <subfield code="a">14704674</subfield>
    <subfield code="d">20110224</subfield>
  </datafield>
  <datafield tag="039" ind1=" " ind2=" ">
    <subfield code="o">OPP</subfield>
    <subfield code="a">14866910</subfield>
    <subfield code="d">20110224</subfield>
  </datafield>
  <datafield tag="039" ind1=" " ind2=" ">
    <subfield code="o">OPP</subfield>
    <subfield code="a">16443922</subfield>
    <subfield code="d">20140909</subfield>
  </datafield>
  <datafield tag="100" ind1=" " ind2=" ">
    <subfield code="a">20001207afrey50      ba0</subfield>
  </datafield>
  <datafield tag="101" ind1=" " ind2=" ">
    <subfield code="a">ger</subfield>
  </datafield>
  <datafield tag="102" ind1=" " ind2=" ">
    <subfield code="a">XX</subfield>
  </datafield>
  <datafield tag="103" ind1=" " ind2=" ">
    <subfield code="a"> 18801116  19380717</subfield>
  </datafield>
  <datafield tag="105" ind1=" " ind2=" ">
    <subfield code="a">a</subfield>
  </datafield>
  <datafield tag="106" ind1=" " ind2=" ">
    <subfield code="a">010</subfield>
  </datafield>
  <datafield tag="120" ind1=" " ind2=" ">
    <subfield code="a">b</subfield>
  </datafield>
  <datafield tag="152" ind1=" " ind2=" ">
    <subfield code="c">2</subfield>
  </datafield>
  <datafield tag="200" ind1=" " ind2=" ">
    <subfield code="7">ba0yba0y</subfield>
    <subfield code="8">fre   </subfield>
    <subfield code="9"> 0 </subfield>
    <subfield code="a">Wiene</subfield>
    <subfield code="b">Robert</subfield>
    <subfield code="f">1881-1938</subfield>
  </datafield>
  <datafield tag="300" ind1=" " ind2=" ">
    <subfield code="a">Acteur et réalisateur de cinéma</subfield>
  </datafield>
  <datafield tag="530" ind1=" " ind2=" ">
    <subfield code="5">z</subfield>
    <subfield code="0">Réalisateur de : </subfield>
    <subfield code="3">17072987</subfield>
    <subfield code="a">Orlacs Hände (film ; 1924)</subfield>
  </datafield>
  <datafield tag="530" ind1=" " ind2=" ">
    <subfield code="5">z</subfield>
    <subfield code="0">Réalisateur de : </subfield>
    <subfield code="3">16474668</subfield>
    <subfield code="a">Die Berühmte frau (film)</subfield>
  </datafield>
  <datafield tag="530" ind1=" " ind2=" ">
    <subfield code="5">z</subfield>
    <subfield code="0">Réalisateur de : </subfield>
    <subfield code="3">16474636</subfield>
    <subfield code="a">Die Grosse abenteuerin (film)</subfield>
  </datafield>
  <datafield tag="530" ind1=" " ind2=" ">
    <subfield code="5">z</subfield>
    <subfield code="0">Réalisateur de : </subfield>
    <subfield code="3">16462778</subfield>
    <subfield code="a">Genuine (film)</subfield>
  </datafield>
  <datafield tag="530" ind1=" " ind2=" ">
    <subfield code="5">z</subfield>
    <subfield code="0">Réalisateur de : </subfield>
    <subfield code="3">16461957</subfield>
    <subfield code="a">Die Frau auf der Folter (film)</subfield>
  </datafield>
  <datafield tag="530" ind1=" " ind2=" ">
    <subfield code="5">z</subfield>
    <subfield code="0">Réalisateur de : </subfield>
    <subfield code="3">16461189</subfield>
    <subfield code="a">Panik in Chikago (film)</subfield>
  </datafield>
  <datafield tag="530" ind1=" " ind2=" ">
    <subfield code="5">z</subfield>
    <subfield code="0">Réalisateur de : </subfield>
    <subfield code="3">16460609</subfield>
    <subfield code="a">I.N.R.I.  (film)</subfield>
  </datafield>
  <datafield tag="530" ind1=" " ind2=" ">
    <subfield code="5">z</subfield>
    <subfield code="0">Réalisateur de : </subfield>
    <subfield code="3">16459925</subfield>
    <subfield code="a">Raskolnikov (film)</subfield>
  </datafield>
  <datafield tag="530" ind1=" " ind2=" ">
    <subfield code="5">z</subfield>
    <subfield code="0">Réalisateur de : </subfield>
    <subfield code="3">16459815</subfield>
    <subfield code="a">Der Rosenkavalier (film)</subfield>
  </datafield>
  <datafield tag="530" ind1=" " ind2=" ">
    <subfield code="5">z</subfield>
    <subfield code="0">Réalisateur de : </subfield>
    <subfield code="3">14665622</subfield>
    <subfield code="a">Nuits de Venise (film)</subfield>
  </datafield>
  <datafield tag="530" ind1=" " ind2=" ">
    <subfield code="5">z</subfield>
    <subfield code="0">Réalisateur de : </subfield>
    <subfield code="3">14665621</subfield>
    <subfield code="a">Ultimatum (film)</subfield>
  </datafield>
  <datafield tag="530" ind1=" " ind2=" ">
    <subfield code="5">z</subfield>
    <subfield code="0">Réalisateur de : </subfield>
    <subfield code="3">13497479</subfield>
    <subfield code="a">Das Cabinet des Dr. Caligari (film)</subfield>
  </datafield>
  <datafield tag="686" ind1=" " ind2=" ">
    <subfield code="a">791</subfield>
    <subfield code="c">Audiovisuel</subfield>
    <subfield code="2">Note de regroupement par domaine</subfield>
  </datafield>
  <datafield tag="801" ind1=" " ind2=" ">
    <subfield code="a">FR</subfield>
    <subfield code="b">FR-751131015</subfield>
    <subfield code="c">20140909</subfield>
  </datafield>
  <datafield tag="810" ind1=" " ind2=" ">
    <subfield code="a">Das Kabinett des Doktor Caligari = Le cabinet du docteur Caligari [Images animées] / Robert Wiene, réal., 1994</subfield>
  </datafield>
  <datafield tag="810" ind1=" " ind2=" ">
    <subfield code="a">Brockhaus 19. Aufl.</subfield>
    <subfield code="a">Dict. du cinéma / sous la dir. de Jean-Loup Passek, 1998 [né en 1881]</subfield>
  </datafield>
</record>