
<record format="UNIMARC" type="Authority">
  <leader>01040cx  a2200241   4500</leader>
  <controlfield tag="001">FRBNF135776299</controlfield>
  <controlfield tag="003">http://catalogue.bnf.fr/ark:/12148/cb13577629z</controlfield>
  <controlfield tag="005">20131203</controlfield>
  <datafield tag="010" ind1=" " ind2=" ">
    <subfield code="a">0000000121195730</subfield>
    <subfield code="2">ISNI</subfield>
    <subfield code="d">20150313</subfield>
  </datafield>
  <datafield tag="039" ind1=" " ind2=" ">
    <subfield code="o">OPL</subfield>
    <subfield code="a">015244284</subfield>
  </datafield>
  <datafield tag="100" ind1=" " ind2=" ">
    <subfield code="a">20001220afrey50      ba0</subfield>
  </datafield>
  <datafield tag="101" ind1=" " ind2=" ">
    <subfield code="a">fre</subfield>
    <subfield code="t">eng</subfield>
  </datafield>
  <datafield tag="102" ind1=" " ind2=" ">
    <subfield code="a">FR</subfield>
  </datafield>
  <datafield tag="103" ind1=" " ind2=" ">
    <subfield code="a"> 19731006</subfield>
  </datafield>
  <datafield tag="105" ind1=" " ind2=" ">
    <subfield code="a">a</subfield>
  </datafield>
  <datafield tag="106" ind1=" " ind2=" ">
    <subfield code="a">1</subfield>
  </datafield>
  <datafield tag="120" ind1=" " ind2=" ">
    <subfield code="a">a</subfield>
  </datafield>
  <datafield tag="200" ind1=" " ind2=" ">
    <subfield code="7">ba0yba0y</subfield>
    <subfield code="8">fre   </subfield>
    <subfield code="9"> 0 </subfield>
    <subfield code="a">Valls de Gomis</subfield>
    <subfield code="b">Estelle</subfield>
    <subfield code="f">1973-....</subfield>
  </datafield>
  <datafield tag="300" ind1="0" ind2=" ">
    <subfield code="a">Traductrice. - Auteur de romans de science-fiction. - Illustratrice</subfield>
  </datafield>
  <datafield tag="400" ind1=" " ind2=" ">
    <subfield code="7">ba0yba0y</subfield>
    <subfield code="8">fre   </subfield>
    <subfield code="a">Gomis</subfield>
    <subfield code="b">Estelle Valls de</subfield>
    <subfield code="f">1973-....</subfield>
  </datafield>
  <datafield tag="801" ind1=" " ind2=" ">
    <subfield code="a">FR</subfield>
    <subfield code="b">FR-751131015</subfield>
    <subfield code="c">20131203</subfield>
  </datafield>
  <datafield tag="810" ind1=" " ind2=" ">
    <subfield code="a">Le baiser de l&apos;homme mort / Robert Weinberg ; trad. de l&apos;américain par Estelle Valls de Gomis, 2000</subfield>
    <subfield code="a">Fantastique, fantasy, science-fiction / dirigé par Léa Silhol et Estelle Valls de Gomis, DL 2005</subfield>
    <subfield code="a">Fantaisies japonisantes / illustrations, Estelle Valls de Gomis, impr. 2008</subfield>
  </datafield>
  <datafield tag="856" ind1=" " ind2=" ">
    <subfield code="u">http://media.wix.com/ugd//83e042_7a39238c8945a352bfccedbbbb39b1e9.pdf</subfield>
    <subfield code="e">2013-11-25</subfield>
  </datafield>
</record>