
<record format="UNIMARC" type="Authority">
  <leader>01244cx  a2200265   4500</leader>
  <controlfield tag="001">FRBNF136162418</controlfield>
  <controlfield tag="003">http://catalogue.bnf.fr/ark:/12148/cb13616241d</controlfield>
  <controlfield tag="005">20220627</controlfield>
  <datafield tag="010" ind1=" " ind2=" ">
    <subfield code="a">0000000110591869</subfield>
    <subfield code="2">VIAF</subfield>
    <subfield code="d">20130731</subfield>
  </datafield>
  <datafield tag="039" ind1=" " ind2=" ">
    <subfield code="o">OPL</subfield>
    <subfield code="a">01546769X</subfield>
  </datafield>
  <datafield tag="039" ind1=" " ind2=" ">
    <subfield code="o">OPP</subfield>
    <subfield code="a">14604542</subfield>
    <subfield code="d">20180309</subfield>
  </datafield>
  <datafield tag="100" ind1=" " ind2=" ">
    <subfield code="a">20010511afrey50      ba0</subfield>
  </datafield>
  <datafield tag="101" ind1=" " ind2=" ">
    <subfield code="a">eng</subfield>
  </datafield>
  <datafield tag="102" ind1=" " ind2=" ">
    <subfield code="a">GB</subfield>
  </datafield>
  <datafield tag="103" ind1=" " ind2=" ">
    <subfield code="a"> 19640825</subfield>
  </datafield>
  <datafield tag="105" ind1=" " ind2=" ">
    <subfield code="a">a</subfield>
  </datafield>
  <datafield tag="106" ind1=" " ind2=" ">
    <subfield code="a">1</subfield>
  </datafield>
  <datafield tag="120" ind1=" " ind2=" ">
    <subfield code="a">b</subfield>
  </datafield>
  <datafield tag="152" ind1=" " ind2=" ">
    <subfield code="c">2</subfield>
  </datafield>
  <datafield tag="200" ind1=" " ind2=" ">
    <subfield code="7">ba0yba0y</subfield>
    <subfield code="8">fre   </subfield>
    <subfield code="9"> 0 </subfield>
    <subfield code="a">Hughes</subfield>
    <subfield code="b">William</subfield>
    <subfield code="f">1964-....</subfield>
  </datafield>
  <datafield tag="300" ind1="0" ind2=" ">
    <subfield code="a">Spécialiste du roman gothique. - Professeur de littérature, Bath Spa university, GB (en 2015). - Docteur en littérature (University of East Anglia, Norwich, GB, 1993)</subfield>
  </datafield>
  <datafield tag="801" ind1=" " ind2=" ">
    <subfield code="a">FR</subfield>
    <subfield code="b">FR-751131015</subfield>
    <subfield code="c">20220627</subfield>
  </datafield>
  <datafield tag="810" ind1=" " ind2=" ">
    <subfield code="a">Contemporary writing and national identity / ed. by Tracey Hill and William Hughes, 1995</subfield>
    <subfield code="a">That devil&apos;s trick : hypnotism and the Victorian popular imagination / William Hughes, 2015</subfield>
  </datafield>
  <datafield tag="810" ind1=" " ind2=" ">
    <subfield code="a">Bibliogr. G.B. (CD), 2001-03</subfield>
    <subfield code="a">LC Authorities - https://lccn.loc.gov/n97086815 (2022-06-27)</subfield>
    <subfield code="a">Bath Spa university - https://www.bathspa.ac.uk/our-people/william-hughes (2018-03-09)</subfield>
  </datafield>
  <datafield tag="856" ind1=" " ind2=" ">
    <subfield code="u">https://lccn.loc.gov/n97086815</subfield>
    <subfield code="e">2022-06-27</subfield>
    <subfield code="u">https://www.bathspa.ac.uk/our-people/william-hughes/</subfield>
    <subfield code="e">2018-03-09</subfield>
  </datafield>
</record>