
<record format="UNIMARC" type="Authority">
  <leader>01302cx  b2200373   4500</leader>
  <controlfield tag="001">FRBNF138797188</controlfield>
  <controlfield tag="003">http://catalogue.bnf.fr/ark:/12148/cb13879718k</controlfield>
  <controlfield tag="005">20120615</controlfield>
  <datafield tag="010" ind1=" " ind2=" ">
    <subfield code="a">0000000106599104</subfield>
    <subfield code="2">ISNI</subfield>
    <subfield code="d">20131217</subfield>
  </datafield>
  <datafield tag="039" ind1=" " ind2=" ">
    <subfield code="o">OPL</subfield>
    <subfield code="a">008670974</subfield>
  </datafield>
  <datafield tag="039" ind1=" " ind2=" ">
    <subfield code="o">OPP</subfield>
    <subfield code="a">12288913</subfield>
    <subfield code="d">20120615</subfield>
  </datafield>
  <datafield tag="039" ind1=" " ind2=" ">
    <subfield code="o">OPP</subfield>
    <subfield code="a">14659574</subfield>
    <subfield code="d">20120615</subfield>
  </datafield>
  <datafield tag="039" ind1=" " ind2=" ">
    <subfield code="o">OPP</subfield>
    <subfield code="a">14278415</subfield>
    <subfield code="d">20120615</subfield>
  </datafield>
  <datafield tag="039" ind1=" " ind2=" ">
    <subfield code="o">OPP</subfield>
    <subfield code="a">14278416</subfield>
    <subfield code="d">20120615</subfield>
  </datafield>
  <datafield tag="039" ind1=" " ind2=" ">
    <subfield code="o">OPP</subfield>
    <subfield code="a">13879721</subfield>
    <subfield code="d">20120615</subfield>
  </datafield>
  <datafield tag="100" ind1=" " ind2=" ">
    <subfield code="a">19890601afrey50      ba0</subfield>
  </datafield>
  <datafield tag="101" ind1=" " ind2=" ">
    <subfield code="a">eng</subfield>
  </datafield>
  <datafield tag="102" ind1=" " ind2=" ">
    <subfield code="a">US</subfield>
  </datafield>
  <datafield tag="103" ind1=" " ind2=" ">
    <subfield code="a"> 1919</subfield>
  </datafield>
  <datafield tag="105" ind1=" " ind2=" ">
    <subfield code="a">a</subfield>
    <subfield code="c">d</subfield>
    <subfield code="c">s</subfield>
    <subfield code="c">a</subfield>
    <subfield code="d">g</subfield>
    <subfield code="c">p</subfield>
    <subfield code="d">h</subfield>
    <subfield code="d">r</subfield>
  </datafield>
  <datafield tag="106" ind1=" " ind2=" ">
    <subfield code="a">010</subfield>
  </datafield>
  <datafield tag="150" ind1=" " ind2=" ">
    <subfield code="a">y</subfield>
    <subfield code="b">c9</subfield>
  </datafield>
  <datafield tag="152" ind1=" " ind2=" ">
    <subfield code="c">2</subfield>
  </datafield>
  <datafield tag="210" ind1=" " ind2=" ">
    <subfield code="7">ba0yba0y</subfield>
    <subfield code="8">fre   </subfield>
    <subfield code="9">20 </subfield>
    <subfield code="a">Columbia pictures</subfield>
  </datafield>
  <datafield tag="300" ind1=" " ind2=" ">
    <subfield code="a">Société de production, fondée en 1919 parJack Cohn, Harry Cohn, Joe Brandt</subfield>
  </datafield>
  <datafield tag="303" ind1=" " ind2=" ">
    <subfield code="a">711 Fifth avenue, New York NY 10022</subfield>
  </datafield>
  <datafield tag="410" ind1=" " ind2=" ">
    <subfield code="7">ba0yba0y</subfield>
    <subfield code="8">fre   </subfield>
    <subfield code="a">Columbia</subfield>
  </datafield>
  <datafield tag="410" ind1=" " ind2=" ">
    <subfield code="7">ba0yba0y</subfield>
    <subfield code="8">fre   </subfield>
    <subfield code="a">Columbia pictures industries</subfield>
  </datafield>
  <datafield tag="410" ind1=" " ind2=" ">
    <subfield code="7">ba0yba0y</subfield>
    <subfield code="8">fre   </subfield>
    <subfield code="a">Columbia pictures corporation</subfield>
  </datafield>
  <datafield tag="550" ind1=" " ind2=" ">
    <subfield code="5">g</subfield>
    <subfield code="3">12549619</subfield>
    <subfield code="7">ba0yba0y</subfield>
    <subfield code="8">fre   </subfield>
    <subfield code="a">Sociétés de production de cinéma</subfield>
    <subfield code="y">États-Unis</subfield>
  </datafield>
  <datafield tag="686" ind1=" " ind2=" ">
    <subfield code="a">791</subfield>
    <subfield code="c">Audiovisuel</subfield>
    <subfield code="2">Note de regroupement par domaine</subfield>
  </datafield>
  <datafield tag="801" ind1=" " ind2=" ">
    <subfield code="a">FR</subfield>
    <subfield code="b">FR-751131015</subfield>
    <subfield code="c">20120615</subfield>
  </datafield>
  <datafield tag="810" ind1=" " ind2=" ">
    <subfield code="a">Passek</subfield>
  </datafield>
  <datafield tag="810" ind1=" " ind2=" ">
    <subfield code="a">Ali [Images animées] / Michael Mann, réal. Studio Canal+, cop. 2001</subfield>
  </datafield>
</record>