
<record format="UNIMARC" type="Authority">
  <leader>00639cx  b2200217   4500</leader>
  <controlfield tag="001">FRBNF138825673</controlfield>
  <controlfield tag="003">http://catalogue.bnf.fr/ark:/12148/cb13882567r</controlfield>
  <controlfield tag="005">20040129</controlfield>
  <datafield tag="010" ind1=" " ind2=" ">
    <subfield code="a">0000000115439727</subfield>
    <subfield code="2">ISNI</subfield>
    <subfield code="d">20150313</subfield>
  </datafield>
  <datafield tag="100" ind1=" " ind2=" ">
    <subfield code="a">19890601afrey50      ba0</subfield>
  </datafield>
  <datafield tag="102" ind1=" " ind2=" ">
    <subfield code="a">US</subfield>
  </datafield>
  <datafield tag="105" ind1=" " ind2=" ">
    <subfield code="c">s</subfield>
    <subfield code="d">g</subfield>
  </datafield>
  <datafield tag="106" ind1=" " ind2=" ">
    <subfield code="a">1</subfield>
  </datafield>
  <datafield tag="150" ind1=" " ind2=" ">
    <subfield code="a">y</subfield>
    <subfield code="b">c9</subfield>
  </datafield>
  <datafield tag="152" ind1=" " ind2=" ">
    <subfield code="c">2</subfield>
  </datafield>
  <datafield tag="210" ind1=" " ind2=" ">
    <subfield code="7">ba0yba0y</subfield>
    <subfield code="8">fre   </subfield>
    <subfield code="9">20 </subfield>
    <subfield code="a">Nonesuch</subfield>
  </datafield>
  <datafield tag="300" ind1="0" ind2=" ">
    <subfield code="a">Producteur phonographique</subfield>
  </datafield>
  <datafield tag="303" ind1=" " ind2=" ">
    <subfield code="a">665 Fifth Avenue, New-York, Ny 10276-0122</subfield>
  </datafield>
  <datafield tag="410" ind1=" " ind2=" ">
    <subfield code="7">ba0yba0y</subfield>
    <subfield code="8">fre   </subfield>
    <subfield code="a">Nonesuch records</subfield>
  </datafield>
  <datafield tag="801" ind1=" " ind2=" ">
    <subfield code="a">FR</subfield>
    <subfield code="b">FR-751131015</subfield>
    <subfield code="c">20040129</subfield>
  </datafield>
  <datafield tag="810" ind1=" " ind2=" ">
    <subfield code="a">70&apos;s [Enregistrement sonore] : les années pop. CBS 4651802</subfield>
  </datafield>
</record>