
<record format="UNIMARC" type="Authority">
  <leader>01191cx  a2200265   4500</leader>
  <controlfield tag="001">FRBNF138979696</controlfield>
  <controlfield tag="003">http://catalogue.bnf.fr/ark:/12148/cb13897969z</controlfield>
  <controlfield tag="005">20101129</controlfield>
  <datafield tag="010" ind1=" " ind2=" ">
    <subfield code="a">0000000114562467</subfield>
    <subfield code="2">VIAF</subfield>
    <subfield code="d">20130731</subfield>
  </datafield>
  <datafield tag="039" ind1=" " ind2=" ">
    <subfield code="o">OPP</subfield>
    <subfield code="a">14693246</subfield>
    <subfield code="d">20060829</subfield>
  </datafield>
  <datafield tag="100" ind1=" " ind2=" ">
    <subfield code="a">19890601afrey50      ba0</subfield>
  </datafield>
  <datafield tag="101" ind1=" " ind2=" ">
    <subfield code="a">eng</subfield>
  </datafield>
  <datafield tag="102" ind1=" " ind2=" ">
    <subfield code="a">CA</subfield>
  </datafield>
  <datafield tag="103" ind1=" " ind2=" ">
    <subfield code="a"> 19260211  20101129</subfield>
  </datafield>
  <datafield tag="105" ind1=" " ind2=" ">
    <subfield code="a">i</subfield>
  </datafield>
  <datafield tag="106" ind1=" " ind2=" ">
    <subfield code="a">010</subfield>
  </datafield>
  <datafield tag="120" ind1=" " ind2=" ">
    <subfield code="a">b</subfield>
  </datafield>
  <datafield tag="152" ind1=" " ind2=" ">
    <subfield code="c">2</subfield>
  </datafield>
  <datafield tag="200" ind1=" " ind2=" ">
    <subfield code="7">ba0yba0y</subfield>
    <subfield code="8">fre   </subfield>
    <subfield code="9"> 0 </subfield>
    <subfield code="a">Nielsen</subfield>
    <subfield code="b">Leslie</subfield>
    <subfield code="f">1926-2010</subfield>
  </datafield>
  <datafield tag="300" ind1=" " ind2=" ">
    <subfield code="a">Acteur</subfield>
  </datafield>
  <datafield tag="301" ind1=" " ind2=" ">
    <subfield code="a">Regina (Canada)</subfield>
    <subfield code="b">Fort Luaderdale (Canada)</subfield>
  </datafield>
  <datafield tag="801" ind1=" " ind2=" ">
    <subfield code="a">FR</subfield>
    <subfield code="b">FR-751131015</subfield>
    <subfield code="c">20101129</subfield>
  </datafield>
  <datafield tag="810" ind1=" " ind2=" ">
    <subfield code="a">Le casse-cou [Images animées] / Gordon Douglas, réal. ; [...] Evel Knievel, Gene Kelly, [...] Leslie Nielsen... [et al.], act. . Warner home vidéo France, 1977</subfield>
  </datafield>
  <datafield tag="810" ind1=" " ind2=" ">
    <subfield code="a">Film index international (CD), 1993-1997</subfield>
    <subfield code="a">IMDB - http://www.imdb.com/news/ni5824724 (2010-11-29)</subfield>
    <subfield code="a">Monde - http://www.lemonde.fr/carnet/article/2010/11/29/l-acteur-leslie-nielsen-est-mort_1446116_3382.html (2010-11-29)</subfield>
  </datafield>
  <datafield tag="856" ind1=" " ind2=" ">
    <subfield code="u">http://www.imdb.com/news/ni5824724/</subfield>
    <subfield code="e">2010-11-29</subfield>
    <subfield code="u">http://www.lemonde.fr/carnet/article/2010/11/29/l-acteur-leslie-nielsen-est-mort_1446116_3382.html</subfield>
    <subfield code="e">2010-11-29</subfield>
  </datafield>
</record>