
<record format="UNIMARC" type="Authority">
  <leader>01207cx  b2200289   4500</leader>
  <controlfield tag="001">FRBNF139044909</controlfield>
  <controlfield tag="003">http://catalogue.bnf.fr/ark:/12148/cb139044900</controlfield>
  <controlfield tag="005">20170322</controlfield>
  <datafield tag="010" ind1=" " ind2=" ">
    <subfield code="a">0000000120335359</subfield>
    <subfield code="2">VIAF</subfield>
    <subfield code="d">20130731</subfield>
  </datafield>
  <datafield tag="100" ind1=" " ind2=" ">
    <subfield code="a">19890601afrey50      ba0</subfield>
  </datafield>
  <datafield tag="101" ind1=" " ind2=" ">
    <subfield code="a">eng</subfield>
  </datafield>
  <datafield tag="102" ind1=" " ind2=" ">
    <subfield code="a">US</subfield>
  </datafield>
  <datafield tag="103" ind1=" " ind2=" ">
    <subfield code="a"> 1985    ?</subfield>
  </datafield>
  <datafield tag="105" ind1=" " ind2=" ">
    <subfield code="a">a</subfield>
    <subfield code="a">i</subfield>
  </datafield>
  <datafield tag="106" ind1=" " ind2=" ">
    <subfield code="a">010</subfield>
  </datafield>
  <datafield tag="150" ind1=" " ind2=" ">
    <subfield code="a">y</subfield>
    <subfield code="b">v8</subfield>
  </datafield>
  <datafield tag="152" ind1=" " ind2=" ">
    <subfield code="c">2</subfield>
  </datafield>
  <datafield tag="210" ind1=" " ind2=" ">
    <subfield code="7">ba0yba0y</subfield>
    <subfield code="8">fre   </subfield>
    <subfield code="9">20 </subfield>
    <subfield code="a">The Kronos quartet</subfield>
  </datafield>
  <datafield tag="300" ind1=" " ind2=" ">
    <subfield code="a">Quatuor à cordes fondé par David Harrington (en 1973?)</subfield>
  </datafield>
  <datafield tag="303" ind1=" " ind2=" ">
    <subfield code="a">New York</subfield>
  </datafield>
  <datafield tag="307" ind1=" " ind2=" ">
    <subfield code="a">Harrington, David, violon</subfield>
    <subfield code="a">Sherba, John, violon</subfield>
    <subfield code="a">Dutt, Hank, alto</subfield>
    <subfield code="a">Jeanrenaud, Joan, violoncelle (1973-1999)</subfield>
    <subfield code="a">Culp, Jennifer, violoncelle (1999-2005)</subfield>
    <subfield code="a">Zeigler, Jeffrey, violoncelle (2005-....)</subfield>
  </datafield>
  <datafield tag="410" ind1=" " ind2=" ">
    <subfield code="7">ba0yba0y</subfield>
    <subfield code="8">fre   </subfield>
    <subfield code="a">Quatuor Kronos</subfield>
  </datafield>
  <datafield tag="500" ind1=" " ind2=" ">
    <subfield code="5">z</subfield>
    <subfield code="0">A pour membre : </subfield>
    <subfield code="3">14190326</subfield>
    <subfield code="7">ba0yba0y</subfield>
    <subfield code="8">fre   </subfield>
    <subfield code="9"> 0 </subfield>
    <subfield code="a">Jeanrenaud</subfield>
    <subfield code="b">Joan</subfield>
    <subfield code="f">1956-....</subfield>
  </datafield>
  <datafield tag="500" ind1=" " ind2=" ">
    <subfield code="5">z</subfield>
    <subfield code="0">A pour membre : </subfield>
    <subfield code="3">16137168</subfield>
    <subfield code="7">ba0yba0y</subfield>
    <subfield code="8">fre   </subfield>
    <subfield code="9"> 0 </subfield>
    <subfield code="a">Zeigler</subfield>
    <subfield code="b">Jeffrey</subfield>
  </datafield>
  <datafield tag="801" ind1=" " ind2=" ">
    <subfield code="a">FR</subfield>
    <subfield code="b">FR-751131015</subfield>
    <subfield code="c">20170322</subfield>
  </datafield>
  <datafield tag="810" ind1=" " ind2=" ">
    <subfield code="a">Caravan [Enregistrement sonore] / Alexandra Vrebalov, Carlos Paredes, Rahel Burman... [et al.], comp. Nonesuch 7559794902</subfield>
  </datafield>
  <datafield tag="810" ind1=" " ind2=" ">
    <subfield code="a">Libération [formé en 1973], 2005-09-02</subfield>
  </datafield>
</record>