
<record format="UNIMARC" type="Authority">
  <leader>01275cx  a2200289   4500</leader>
  <controlfield tag="001">FRBNF139387797</controlfield>
  <controlfield tag="003">http://catalogue.bnf.fr/ark:/12148/cb13938779w</controlfield>
  <controlfield tag="005">20140106</controlfield>
  <datafield tag="010" ind1=" " ind2=" ">
    <subfield code="a">0000000118214320</subfield>
    <subfield code="2">VIAF</subfield>
    <subfield code="d">20130731</subfield>
  </datafield>
  <datafield tag="039" ind1=" " ind2=" ">
    <subfield code="o">OPL</subfield>
    <subfield code="a">013969017</subfield>
  </datafield>
  <datafield tag="039" ind1=" " ind2=" ">
    <subfield code="o">OPP</subfield>
    <subfield code="a">14991263</subfield>
    <subfield code="d">20070816</subfield>
  </datafield>
  <datafield tag="100" ind1=" " ind2=" ">
    <subfield code="a">19910606afrey50      ba0</subfield>
  </datafield>
  <datafield tag="102" ind1=" " ind2=" ">
    <subfield code="a">PL</subfield>
  </datafield>
  <datafield tag="103" ind1=" " ind2=" ">
    <subfield code="a"> 19320717  20131229</subfield>
  </datafield>
  <datafield tag="105" ind1=" " ind2=" ">
    <subfield code="a">a</subfield>
    <subfield code="a">p</subfield>
    <subfield code="d">h</subfield>
  </datafield>
  <datafield tag="106" ind1=" " ind2=" ">
    <subfield code="a">010</subfield>
  </datafield>
  <datafield tag="120" ind1=" " ind2=" ">
    <subfield code="a">b</subfield>
  </datafield>
  <datafield tag="152" ind1=" " ind2=" ">
    <subfield code="c">2</subfield>
  </datafield>
  <datafield tag="200" ind1=" " ind2=" ">
    <subfield code="7">ba0yba0y</subfield>
    <subfield code="8">fre   </subfield>
    <subfield code="9"> 0 </subfield>
    <subfield code="a">Kilar</subfield>
    <subfield code="b">Wojciech</subfield>
    <subfield code="f">1932-2013</subfield>
  </datafield>
  <datafield tag="300" ind1=" " ind2=" ">
    <subfield code="a">Compositeur. - Professeur à l&apos;École supérieure de musique de Katowice (1960-....)</subfield>
  </datafield>
  <datafield tag="301" ind1=" " ind2=" ">
    <subfield code="a">Lvov (Ukraine)</subfield>
    <subfield code="b">Katowice (Pologne)</subfield>
  </datafield>
  <datafield tag="686" ind1=" " ind2=" ">
    <subfield code="a">780</subfield>
    <subfield code="c">Musique</subfield>
    <subfield code="2">Note de regroupement par domaine</subfield>
  </datafield>
  <datafield tag="801" ind1=" " ind2=" ">
    <subfield code="a">FR</subfield>
    <subfield code="b">FR-751131015</subfield>
    <subfield code="c">20140106</subfield>
  </datafield>
  <datafield tag="810" ind1=" " ind2=" ">
    <subfield code="a">Cieszę się darem życia : rozmowy z Wojciechem Kilarem / przeprowadzili Klaudia Podobińska i Leszek Polony, 1997</subfield>
  </datafield>
  <datafield tag="810" ind1=" " ind2=" ">
    <subfield code="a">Wikipédia - http://fr.wikipedia.org/wiki/Wojciech_Kilar (2014-01-02)</subfield>
    <subfield code="a">Dict. biogr. des musiciens / Baker, Slonimsky, 1995</subfield>
    <subfield code="a">Gazeta wyborcza - wydanie internetowe - http://wspomnienia.wyborcza.pl (2014-01-06)</subfield>
  </datafield>
  <datafield tag="810" ind1=" " ind2=" ">
    <subfield code="a">BnF Service polonais, 2014-01-06</subfield>
  </datafield>
  <datafield tag="856" ind1=" " ind2=" ">
    <subfield code="u">http://fr.wikipedia.org/wiki/Wojciech_Kilar</subfield>
    <subfield code="e">2014-01-02</subfield>
    <subfield code="u">http://wspomnienia.wyborcza.pl/</subfield>
    <subfield code="e">2014-01-06</subfield>
  </datafield>
</record>