
<record format="UNIMARC" type="Authority">
  <leader>01113cx  a2200265   4500</leader>
  <controlfield tag="001">FRBNF139544832</controlfield>
  <controlfield tag="003">http://catalogue.bnf.fr/ark:/12148/cb13954483r</controlfield>
  <controlfield tag="005">20151015</controlfield>
  <datafield tag="010" ind1=" " ind2=" ">
    <subfield code="a">0000000121181187</subfield>
    <subfield code="2">VIAF</subfield>
    <subfield code="d">20130731</subfield>
  </datafield>
  <datafield tag="039" ind1=" " ind2=" ">
    <subfield code="o">OPL</subfield>
    <subfield code="a">010040648</subfield>
    <subfield code="z">AMA</subfield>
  </datafield>
  <datafield tag="100" ind1=" " ind2=" ">
    <subfield code="a">19930402afrey50      ba0</subfield>
  </datafield>
  <datafield tag="102" ind1=" " ind2=" ">
    <subfield code="a">ZZ</subfield>
    <subfield code="a">GB</subfield>
    <subfield code="a">US</subfield>
  </datafield>
  <datafield tag="103" ind1=" " ind2=" ">
    <subfield code="a"> 19371231</subfield>
  </datafield>
  <datafield tag="105" ind1=" " ind2=" ">
    <subfield code="a">i</subfield>
    <subfield code="a">p</subfield>
    <subfield code="a">a</subfield>
  </datafield>
  <datafield tag="106" ind1=" " ind2=" ">
    <subfield code="a">010</subfield>
  </datafield>
  <datafield tag="120" ind1=" " ind2=" ">
    <subfield code="a">b</subfield>
  </datafield>
  <datafield tag="152" ind1=" " ind2=" ">
    <subfield code="c">2</subfield>
  </datafield>
  <datafield tag="200" ind1=" " ind2=" ">
    <subfield code="7">ba0yba0y</subfield>
    <subfield code="8">fre   </subfield>
    <subfield code="9"> 0 </subfield>
    <subfield code="a">Hopkins</subfield>
    <subfield code="b">Anthony</subfield>
    <subfield code="f">1937-....</subfield>
  </datafield>
  <datafield tag="300" ind1=" " ind2=" ">
    <subfield code="a">Acteur de théâtre, de cinéma et de télévision. - Réalisateur de films. - Compositeur</subfield>
  </datafield>
  <datafield tag="301" ind1=" " ind2=" ">
    <subfield code="a">Port-Talbot (GB)</subfield>
  </datafield>
  <datafield tag="330" ind1=" " ind2=" ">
    <subfield code="a">Ne pas confondre avec Hopkins, Anthony (1937-1997), neurologue</subfield>
  </datafield>
  <datafield tag="686" ind1=" " ind2=" ">
    <subfield code="a">791</subfield>
    <subfield code="c">Audiovisuel</subfield>
    <subfield code="2">Note de regroupement par domaine</subfield>
  </datafield>
  <datafield tag="801" ind1=" " ind2=" ">
    <subfield code="a">FR</subfield>
    <subfield code="b">FR-751131015</subfield>
    <subfield code="c">20151015</subfield>
  </datafield>
  <datafield tag="810" ind1=" " ind2=" ">
    <subfield code="a">The mask of Zorro [Images animées] / Martin Campbell, réal. ; Antonio Banderas, Anthony Hopkins, Catherine Zeta-Jones [et al.], act., 2000</subfield>
  </datafield>
  <datafield tag="810" ind1=" " ind2=" ">
    <subfield code="a">Libération, 2002-10-28</subfield>
    <subfield code="a">Int. WW 2001</subfield>
    <subfield code="a">Dict. du cinéma / sous la dir. de Jean-Loup Passek, 1995</subfield>
    <subfield code="a">BNF-ASP. Anthony Hopkins : dossier biographique, 1976</subfield>
  </datafield>
</record>