
<record format="UNIMARC" type="Authority">
  <leader>01117cx  a2200241   4500</leader>
  <controlfield tag="001">FRBNF139544896</controlfield>
  <controlfield tag="003">http://catalogue.bnf.fr/ark:/12148/cb13954489t</controlfield>
  <controlfield tag="005">20210824</controlfield>
  <datafield tag="010" ind1=" " ind2=" ">
    <subfield code="a">0000000120969036</subfield>
    <subfield code="2">VIAF</subfield>
    <subfield code="d">20130731</subfield>
  </datafield>
  <datafield tag="100" ind1=" " ind2=" ">
    <subfield code="a">19930402afrey50      ba0</subfield>
  </datafield>
  <datafield tag="102" ind1=" " ind2=" ">
    <subfield code="a">GB</subfield>
  </datafield>
  <datafield tag="103" ind1=" " ind2=" ">
    <subfield code="a"> 19580321</subfield>
  </datafield>
  <datafield tag="105" ind1=" " ind2=" ">
    <subfield code="a">a</subfield>
    <subfield code="a">i</subfield>
  </datafield>
  <datafield tag="106" ind1=" " ind2=" ">
    <subfield code="a">010</subfield>
  </datafield>
  <datafield tag="120" ind1=" " ind2=" ">
    <subfield code="a">b</subfield>
  </datafield>
  <datafield tag="152" ind1=" " ind2=" ">
    <subfield code="c">2</subfield>
  </datafield>
  <datafield tag="200" ind1=" " ind2=" ">
    <subfield code="7">ba0yba0y</subfield>
    <subfield code="8">fre   </subfield>
    <subfield code="9"> 0 </subfield>
    <subfield code="a">Oldman</subfield>
    <subfield code="b">Gary</subfield>
    <subfield code="f">1958-....</subfield>
  </datafield>
  <datafield tag="300" ind1=" " ind2=" ">
    <subfield code="a">Acteur, réalisateur, scénariste et producteur</subfield>
  </datafield>
  <datafield tag="530" ind1=" " ind2=" ">
    <subfield code="5">z</subfield>
    <subfield code="0">Réalisateur de : </subfield>
    <subfield code="3">17869656</subfield>
    <subfield code="a">Nil by mouth (film)</subfield>
  </datafield>
  <datafield tag="801" ind1=" " ind2=" ">
    <subfield code="a">FR</subfield>
    <subfield code="b">FR-751131015</subfield>
    <subfield code="c">20210824</subfield>
  </datafield>
  <datafield tag="810" ind1=" " ind2=" ">
    <subfield code="a">Air force one [Images animées] / Wolfgang Petersen, réal.  ; Andrew W. Marlowe, scénario ; Jerry Goldsmith, comp.  ; Harrison Ford, Gary Oldman, Wendy Crewson...  [et al.], act.. - Burbank, Calif.  : Buena vista home entertainment [éd.] ; Burbank, Calif.  : Buena vista home entertainment [distrib.], 1998 (DL).</subfield>
  </datafield>
  <datafield tag="810" ind1=" " ind2=" ">
    <subfield code="a">Première, n °192, Mars 1993</subfield>
    <subfield code="a">IMDb - https://www.imdb.com/name/nm0000198/?ref_=fn_al_nm_1 (2018-08-02)</subfield>
  </datafield>
  <datafield tag="856" ind1=" " ind2=" ">
    <subfield code="u">https://www.imdb.com/name/nm0000198/?ref_=fn_al_nm_1</subfield>
    <subfield code="e">2018-08-02</subfield>
  </datafield>
</record>