
<record format="UNIMARC" type="Authority">
  <leader>00967cx  a2200229   4500</leader>
  <controlfield tag="001">FRBNF139993250</controlfield>
  <controlfield tag="003">http://catalogue.bnf.fr/ark:/12148/cb13999325b</controlfield>
  <controlfield tag="005">20210923</controlfield>
  <datafield tag="010" ind1=" " ind2=" ">
    <subfield code="a">0000000114505139</subfield>
    <subfield code="2">VIAF</subfield>
    <subfield code="d">20131024</subfield>
  </datafield>
  <datafield tag="100" ind1=" " ind2=" ">
    <subfield code="a">19970225afrey50      ba0</subfield>
  </datafield>
  <datafield tag="102" ind1=" " ind2=" ">
    <subfield code="a">US</subfield>
  </datafield>
  <datafield tag="103" ind1=" " ind2=" ">
    <subfield code="a"> 19711029</subfield>
  </datafield>
  <datafield tag="105" ind1=" " ind2=" ">
    <subfield code="a">i</subfield>
    <subfield code="a">p</subfield>
  </datafield>
  <datafield tag="106" ind1=" " ind2=" ">
    <subfield code="a">010</subfield>
  </datafield>
  <datafield tag="120" ind1=" " ind2=" ">
    <subfield code="a">a</subfield>
  </datafield>
  <datafield tag="152" ind1=" " ind2=" ">
    <subfield code="c">2</subfield>
  </datafield>
  <datafield tag="200" ind1=" " ind2=" ">
    <subfield code="7">ba0yba0y</subfield>
    <subfield code="8">fre   </subfield>
    <subfield code="9"> 0 </subfield>
    <subfield code="a">Ryder</subfield>
    <subfield code="b">Winona</subfield>
    <subfield code="f">1971-....</subfield>
  </datafield>
  <datafield tag="300" ind1=" " ind2=" ">
    <subfield code="a">Actrice de cinéma. - Productrice</subfield>
  </datafield>
  <datafield tag="801" ind1=" " ind2=" ">
    <subfield code="a">FR</subfield>
    <subfield code="b">FR-751131015</subfield>
    <subfield code="c">20210923</subfield>
  </datafield>
  <datafield tag="810" ind1=" " ind2=" ">
    <subfield code="a">Le patchwork de la vie [Images animées] / Jocelyn Moorhouse, réal.  ; Jane Anderson, scénario ; Thomas Newman, comp.  ; Whitney Otto, aut. adapté ; Maya Angelou, Winona Ryder, Jean Simmons... [et al.], act. . - Vélizy : CIC vidéo [éd.] ; Vélizy Villacoublay : CIC vidéo [distrib.], 1997 (DL).</subfield>
  </datafield>
  <datafield tag="810" ind1=" " ind2=" ">
    <subfield code="a">Film Index International (cd), 1997-02-25</subfield>
    <subfield code="a">IMDb - http://www.imdb.com (2015-09-29)</subfield>
  </datafield>
  <datafield tag="856" ind1=" " ind2=" ">
    <subfield code="u">http://www.imdb.com</subfield>
    <subfield code="e">2015-09-29</subfield>
  </datafield>
</record>