
<record format="UNIMARC" type="Authority">
  <leader>00856cx  a2200217   4500</leader>
  <controlfield tag="001">FRBNF140179836</controlfield>
  <controlfield tag="003">http://catalogue.bnf.fr/ark:/12148/cb14017983m</controlfield>
  <controlfield tag="005">20150602</controlfield>
  <datafield tag="010" ind1=" " ind2=" ">
    <subfield code="a">0000000121250170</subfield>
    <subfield code="2">ISNI</subfield>
    <subfield code="d">20131217</subfield>
  </datafield>
  <datafield tag="100" ind1=" " ind2=" ">
    <subfield code="a">19990112afrey50      ba0</subfield>
  </datafield>
  <datafield tag="102" ind1=" " ind2=" ">
    <subfield code="a">US</subfield>
  </datafield>
  <datafield tag="103" ind1=" " ind2=" ">
    <subfield code="a"> 1900      19981223</subfield>
  </datafield>
  <datafield tag="105" ind1=" " ind2=" ">
    <subfield code="a">i</subfield>
  </datafield>
  <datafield tag="106" ind1=" " ind2=" ">
    <subfield code="a">1</subfield>
  </datafield>
  <datafield tag="120" ind1=" " ind2=" ">
    <subfield code="a">b</subfield>
  </datafield>
  <datafield tag="152" ind1=" " ind2=" ">
    <subfield code="c">2</subfield>
  </datafield>
  <datafield tag="200" ind1=" " ind2=" ">
    <subfield code="7">ba0yba0y</subfield>
    <subfield code="8">fre   </subfield>
    <subfield code="9"> 0 </subfield>
    <subfield code="a">Manners</subfield>
    <subfield code="b">David</subfield>
    <subfield code="f">1900-1998</subfield>
  </datafield>
  <datafield tag="300" ind1="0" ind2=" ">
    <subfield code="a">Acteur de cinéma d&apos;origine canadienne</subfield>
  </datafield>
  <datafield tag="801" ind1=" " ind2=" ">
    <subfield code="a">FR</subfield>
    <subfield code="b">FR-751131015</subfield>
    <subfield code="c">20150602</subfield>
  </datafield>
  <datafield tag="810" ind1=" " ind2=" ">
    <subfield code="a">Dracula [Images animées] / Tod Browning, réal. ; Bram Stocker, aut. adapté ; Hamilton Deane, John L. Balderston, aut. adaptés, adapt. ; Bela Lugosi, Helen Chandler, David Manners.. . [et al.], act.. - Antony : Polygram vidéo [éd.] ; Antony : Polygram vidéo [distrib.], 1999 (DL).</subfield>
  </datafield>
  <datafield tag="810" ind1=" " ind2=" ">
    <subfield code="a">Libération, 1998-12-06</subfield>
  </datafield>
</record>