
<record format="UNIMARC" type="Authority">
  <leader>00821cx  a2200229   4500</leader>
  <controlfield tag="001">FRBNF140217393</controlfield>
  <controlfield tag="003">http://catalogue.bnf.fr/ark:/12148/cb14021739b</controlfield>
  <controlfield tag="005">20070330</controlfield>
  <datafield tag="010" ind1=" " ind2=" ">
    <subfield code="a">0000000116271751</subfield>
    <subfield code="2">VIAF</subfield>
    <subfield code="d">20130801</subfield>
  </datafield>
  <datafield tag="100" ind1=" " ind2=" ">
    <subfield code="a">19990426afrey50      ba0</subfield>
  </datafield>
  <datafield tag="102" ind1=" " ind2=" ">
    <subfield code="a">US</subfield>
  </datafield>
  <datafield tag="103" ind1=" " ind2=" ">
    <subfield code="a"> 19610304</subfield>
  </datafield>
  <datafield tag="105" ind1=" " ind2=" ">
    <subfield code="a">a</subfield>
    <subfield code="a">i</subfield>
  </datafield>
  <datafield tag="106" ind1=" " ind2=" ">
    <subfield code="a">1</subfield>
  </datafield>
  <datafield tag="120" ind1=" " ind2=" ">
    <subfield code="a">b</subfield>
  </datafield>
  <datafield tag="152" ind1=" " ind2=" ">
    <subfield code="c">2</subfield>
  </datafield>
  <datafield tag="200" ind1=" " ind2=" ">
    <subfield code="7">ba0yba0y</subfield>
    <subfield code="8">fre   </subfield>
    <subfield code="9"> 0 </subfield>
    <subfield code="a">Weber</subfield>
    <subfield code="b">Steven</subfield>
    <subfield code="f">1961-....</subfield>
  </datafield>
  <datafield tag="300" ind1="0" ind2=" ">
    <subfield code="a">Acteur, producteur, scénariste et réalisateur</subfield>
  </datafield>
  <datafield tag="801" ind1=" " ind2=" ">
    <subfield code="a">FR</subfield>
    <subfield code="b">FR-751131015</subfield>
    <subfield code="c">20070330</subfield>
  </datafield>
  <datafield tag="810" ind1=" " ind2=" ">
    <subfield code="a">Jeffrey [Images animées] / Christopher Ashley, réal. ; [...] Steven Weber, Patrick Stewart, Michael T. Weiss... [et al.], act. Free dolphin entertainment, 1994</subfield>
  </datafield>
  <datafield tag="810" ind1=" " ind2=" ">
    <subfield code="a">Internet movie database - http://www.us.imdb.com (2007-01-04)</subfield>
  </datafield>
  <datafield tag="856" ind1=" " ind2=" ">
    <subfield code="u">http://www.us.imdb.com</subfield>
    <subfield code="e">2007-01-04</subfield>
  </datafield>
</record>