
<record format="UNIMARC" type="Authority">
  <leader>01026cx  a2200241   4500</leader>
  <controlfield tag="001">FRBNF14048907X</controlfield>
  <controlfield tag="003">http://catalogue.bnf.fr/ark:/12148/cb14048907c</controlfield>
  <controlfield tag="005">20170511</controlfield>
  <datafield tag="010" ind1=" " ind2=" ">
    <subfield code="a">000000000277289X</subfield>
    <subfield code="2">ISNI</subfield>
    <subfield code="d">20131217</subfield>
  </datafield>
  <datafield tag="100" ind1=" " ind2=" ">
    <subfield code="a">20020208afrey50      ba0</subfield>
  </datafield>
  <datafield tag="102" ind1=" " ind2=" ">
    <subfield code="a">XX</subfield>
  </datafield>
  <datafield tag="103" ind1=" " ind2=" ">
    <subfield code="a"> 19..</subfield>
  </datafield>
  <datafield tag="105" ind1=" " ind2=" ">
    <subfield code="a">a</subfield>
  </datafield>
  <datafield tag="106" ind1=" " ind2=" ">
    <subfield code="a">1</subfield>
  </datafield>
  <datafield tag="120" ind1=" " ind2=" ">
    <subfield code="a">b</subfield>
  </datafield>
  <datafield tag="152" ind1=" " ind2=" ">
    <subfield code="c">2</subfield>
  </datafield>
  <datafield tag="200" ind1=" " ind2=" ">
    <subfield code="7">ba0yba0y</subfield>
    <subfield code="8">fre   </subfield>
    <subfield code="9"> 0 </subfield>
    <subfield code="a">De Luca</subfield>
    <subfield code="b">Rudy</subfield>
    <subfield code="f">19..-....</subfield>
    <subfield code="c">cinéaste</subfield>
  </datafield>
  <datafield tag="300" ind1="0" ind2=" ">
    <subfield code="a">Acteur de cinéma et de télévision, scénariste, réalisateur</subfield>
  </datafield>
  <datafield tag="400" ind1=" " ind2=" ">
    <subfield code="7">ba0yba0y</subfield>
    <subfield code="8">fre   </subfield>
    <subfield code="a">Deluca</subfield>
    <subfield code="b">Rudy</subfield>
    <subfield code="f">19..-....</subfield>
    <subfield code="c">cinéaste</subfield>
  </datafield>
  <datafield tag="801" ind1=" " ind2=" ">
    <subfield code="a">FR</subfield>
    <subfield code="b">FR-751131015</subfield>
    <subfield code="c">20170511</subfield>
  </datafield>
  <datafield tag="810" ind1=" " ind2=" ">
    <subfield code="a">Chienne de vie [Images animées] / Mel Brooks, aut., scénario, réal. ; Ron Clark, aut. ; John Morris, comp. ; Rudy De Luca, Steve Haberman, scénario, aut. ; Mel Brooks, Lesley Ann Warren, Jeffrey Tambor, Stuart Pankin, act.. - Paris : CBS Fox video [éd.] ; Paris : Fox vidéo [distrib.], 1992 (DL).</subfield>
  </datafield>
  <datafield tag="810" ind1=" " ind2=" ">
    <subfield code="a">IMDb - http://www.imdb.com (2017-05-11)</subfield>
  </datafield>
  <datafield tag="856" ind1=" " ind2=" ">
    <subfield code="u">http://www.imdb.com</subfield>
    <subfield code="e">2017-05-11</subfield>
  </datafield>
</record>