
<record format="UNIMARC" type="Authority">
  <leader>00994cx  a2200241   4500</leader>
  <controlfield tag="001">FRBNF140984049</controlfield>
  <controlfield tag="003">http://catalogue.bnf.fr/ark:/12148/cb140984040</controlfield>
  <controlfield tag="005">20220414</controlfield>
  <datafield tag="010" ind1=" " ind2=" ">
    <subfield code="a">0000000063101360</subfield>
    <subfield code="2">VIAF</subfield>
    <subfield code="d">20130801</subfield>
  </datafield>
  <datafield tag="100" ind1=" " ind2=" ">
    <subfield code="a">20030310afrey50      ba0</subfield>
  </datafield>
  <datafield tag="101" ind1=" " ind2=" ">
    <subfield code="a">eng</subfield>
  </datafield>
  <datafield tag="102" ind1=" " ind2=" ">
    <subfield code="a">US</subfield>
  </datafield>
  <datafield tag="103" ind1=" " ind2=" ">
    <subfield code="a"> 19000605  19451026</subfield>
  </datafield>
  <datafield tag="105" ind1=" " ind2=" ">
    <subfield code="a">a</subfield>
  </datafield>
  <datafield tag="106" ind1=" " ind2=" ">
    <subfield code="a">1</subfield>
  </datafield>
  <datafield tag="120" ind1=" " ind2=" ">
    <subfield code="a">b</subfield>
  </datafield>
  <datafield tag="152" ind1=" " ind2=" ">
    <subfield code="c">1</subfield>
  </datafield>
  <datafield tag="200" ind1=" " ind2=" ">
    <subfield code="7">ba0yba0y</subfield>
    <subfield code="8">fre   </subfield>
    <subfield code="9"> 0 </subfield>
    <subfield code="a">Fort</subfield>
    <subfield code="b">Garrett</subfield>
    <subfield code="f">1900-1945</subfield>
  </datafield>
  <datafield tag="300" ind1="0" ind2=" ">
    <subfield code="a">Scénariste et adaptateur</subfield>
  </datafield>
  <datafield tag="801" ind1=" " ind2=" ">
    <subfield code="a">FR</subfield>
    <subfield code="b">FR-751131015</subfield>
    <subfield code="c">20220414</subfield>
  </datafield>
  <datafield tag="810" ind1=" " ind2=" ">
    <subfield code="a">Le signe de Zorro [Images animées] / Rouben Mamoulian, réal... Garrett Fort, adapt. Fox Pathé Europa, [2003]</subfield>
  </datafield>
  <datafield tag="810" ind1=" " ind2=" ">
    <subfield code="a">IMDb - https://www.imdb.com/name/nm0287124/?ref_=nv_sr_srsg_0 (2016-08-25) (2022-04-14)</subfield>
    <subfield code="a">LC authorities - https://id.loc.gov/authorities/names/n85018190.html (2022-04-14)</subfield>
  </datafield>
  <datafield tag="856" ind1=" " ind2=" ">
    <subfield code="u">https://www.imdb.com/name/nm0287124/?ref_=nv_sr_srsg_0</subfield>
    <subfield code="e">2016-08-25</subfield>
    <subfield code="e">2022-04-14</subfield>
    <subfield code="u">https://id.loc.gov/authorities/names/n85018190.html</subfield>
    <subfield code="e">2022-04-14</subfield>
  </datafield>
</record>