
<record format="UNIMARC" type="Authority">
  <leader>00888cx  a2200229   4500</leader>
  <controlfield tag="001">FRBNF141633163</controlfield>
  <controlfield tag="003">http://catalogue.bnf.fr/ark:/12148/cb141633162</controlfield>
  <controlfield tag="005">20150602</controlfield>
  <datafield tag="010" ind1=" " ind2=" ">
    <subfield code="a">0000000024800695</subfield>
    <subfield code="2">VIAF</subfield>
    <subfield code="d">20130801</subfield>
  </datafield>
  <datafield tag="100" ind1=" " ind2=" ">
    <subfield code="a">20030310afrey50      ba0</subfield>
  </datafield>
  <datafield tag="102" ind1=" " ind2=" ">
    <subfield code="a">US</subfield>
  </datafield>
  <datafield tag="103" ind1=" " ind2=" ">
    <subfield code="a"> 19060201  19650430</subfield>
  </datafield>
  <datafield tag="105" ind1=" " ind2=" ">
    <subfield code="a">i</subfield>
  </datafield>
  <datafield tag="106" ind1=" " ind2=" ">
    <subfield code="a">1</subfield>
  </datafield>
  <datafield tag="120" ind1=" " ind2=" ">
    <subfield code="a">a</subfield>
  </datafield>
  <datafield tag="152" ind1=" " ind2=" ">
    <subfield code="c">2</subfield>
  </datafield>
  <datafield tag="200" ind1=" " ind2=" ">
    <subfield code="7">ba0yba0y</subfield>
    <subfield code="8">fre   </subfield>
    <subfield code="9"> 0 </subfield>
    <subfield code="a">Chandler</subfield>
    <subfield code="b">Helen</subfield>
    <subfield code="f">1906-1965</subfield>
  </datafield>
  <datafield tag="300" ind1="0" ind2=" ">
    <subfield code="a">Actrice</subfield>
  </datafield>
  <datafield tag="801" ind1=" " ind2=" ">
    <subfield code="a">FR</subfield>
    <subfield code="b">FR-751131015</subfield>
    <subfield code="c">20150602</subfield>
  </datafield>
  <datafield tag="810" ind1=" " ind2=" ">
    <subfield code="a">Dracula [Images animées] / Tod Browning, réal. ; Bram Stocker, aut. adapté ; Hamilton Deane, John L. Balderston, aut. adaptés, adapt. ; Bela Lugosi, Helen Chandler, David Manners.. . [et al.], act.. - Antony : Polygram vidéo [éd.] ; Antony : Polygram vidéo [distrib.], 1999 (DL).</subfield>
  </datafield>
  <datafield tag="810" ind1=" " ind2=" ">
    <subfield code="a">IMDB - http://us.imdb.com (2006-10-13)</subfield>
  </datafield>
  <datafield tag="856" ind1=" " ind2=" ">
    <subfield code="u">http://us.imdb.com</subfield>
    <subfield code="e">2006-10-13</subfield>
  </datafield>
</record>