
<record format="UNIMARC" type="Authority">
  <leader>00848cx  a2200253   4500</leader>
  <controlfield tag="001">FRBNF142253840</controlfield>
  <controlfield tag="003">http://catalogue.bnf.fr/ark:/12148/cb14225384c</controlfield>
  <controlfield tag="005">20070112</controlfield>
  <datafield tag="010" ind1=" " ind2=" ">
    <subfield code="a">0000000063096717</subfield>
    <subfield code="2">VIAF</subfield>
    <subfield code="d">20130801</subfield>
  </datafield>
  <datafield tag="100" ind1=" " ind2=" ">
    <subfield code="a">20030310afrey50      ba0</subfield>
  </datafield>
  <datafield tag="102" ind1=" " ind2=" ">
    <subfield code="a">DE</subfield>
  </datafield>
  <datafield tag="103" ind1=" " ind2=" ">
    <subfield code="a"> 1891      1967</subfield>
  </datafield>
  <datafield tag="105" ind1=" " ind2=" ">
    <subfield code="a">i</subfield>
  </datafield>
  <datafield tag="106" ind1=" " ind2=" ">
    <subfield code="a">1</subfield>
  </datafield>
  <datafield tag="120" ind1=" " ind2=" ">
    <subfield code="a">a</subfield>
  </datafield>
  <datafield tag="152" ind1=" " ind2=" ">
    <subfield code="c">2</subfield>
  </datafield>
  <datafield tag="200" ind1=" " ind2=" ">
    <subfield code="7">ba0yba0y</subfield>
    <subfield code="8">fre   </subfield>
    <subfield code="9"> 0 </subfield>
    <subfield code="a">Schröder</subfield>
    <subfield code="b">Greta</subfield>
    <subfield code="f">1891-1967</subfield>
  </datafield>
  <datafield tag="300" ind1="0" ind2=" ">
    <subfield code="a">Actrice</subfield>
  </datafield>
  <datafield tag="301" ind1=" " ind2=" ">
    <subfield code="a">Dusseldorf (Allemagne)</subfield>
    <subfield code="b">Vienne (Autriche)</subfield>
  </datafield>
  <datafield tag="400" ind1=" " ind2=" ">
    <subfield code="7">ba0yba0y</subfield>
    <subfield code="8">fre   </subfield>
    <subfield code="a">Schroeder</subfield>
    <subfield code="b">Greta</subfield>
    <subfield code="f">1891-1967</subfield>
  </datafield>
  <datafield tag="801" ind1=" " ind2=" ">
    <subfield code="a">FR</subfield>
    <subfield code="b">FR-751131015</subfield>
    <subfield code="c">20070112</subfield>
  </datafield>
  <datafield tag="810" ind1=" " ind2=" ">
    <subfield code="a">Nosferatu [Images animées] / F.W. Murnau, réal. ; Greta Schröder, act. &quot;Le Monde&quot;, 2006</subfield>
  </datafield>
  <datafield tag="810" ind1=" " ind2=" ">
    <subfield code="a">IMDB - http://www.us.imdb.com/name/nm0775659 (2006-12-14)</subfield>
  </datafield>
  <datafield tag="856" ind1=" " ind2=" ">
    <subfield code="u">http://www.us.imdb.com/name/nm0775659/</subfield>
    <subfield code="e">2006-12-14</subfield>
  </datafield>
</record>