
<record format="UNIMARC" type="Authority">
  <leader>01146cx  a2200277   4500</leader>
  <controlfield tag="001">FRBNF142378071</controlfield>
  <controlfield tag="003">http://catalogue.bnf.fr/ark:/12148/cb142378070</controlfield>
  <controlfield tag="005">20200821</controlfield>
  <datafield tag="010" ind1=" " ind2=" ">
    <subfield code="a">0000000109028614</subfield>
    <subfield code="2">VIAF</subfield>
    <subfield code="d">20130801</subfield>
  </datafield>
  <datafield tag="039" ind1=" " ind2=" ">
    <subfield code="o">OPP</subfield>
    <subfield code="a">10580054</subfield>
    <subfield code="d">20200821</subfield>
  </datafield>
  <datafield tag="100" ind1=" " ind2=" ">
    <subfield code="a">20030310afrey50      ba0</subfield>
  </datafield>
  <datafield tag="101" ind1=" " ind2=" ">
    <subfield code="a">ger</subfield>
  </datafield>
  <datafield tag="102" ind1=" " ind2=" ">
    <subfield code="a">XX</subfield>
  </datafield>
  <datafield tag="103" ind1=" " ind2=" ">
    <subfield code="a"> 18950218  19751014</subfield>
  </datafield>
  <datafield tag="105" ind1=" " ind2=" ">
    <subfield code="a">i</subfield>
    <subfield code="a">a</subfield>
  </datafield>
  <datafield tag="106" ind1=" " ind2=" ">
    <subfield code="a">010</subfield>
  </datafield>
  <datafield tag="120" ind1=" " ind2=" ">
    <subfield code="a">b</subfield>
  </datafield>
  <datafield tag="152" ind1=" " ind2=" ">
    <subfield code="c">2</subfield>
  </datafield>
  <datafield tag="200" ind1=" " ind2=" ">
    <subfield code="7">ba0yba0y</subfield>
    <subfield code="8">fre   </subfield>
    <subfield code="9"> 0 </subfield>
    <subfield code="a">Wangenheim</subfield>
    <subfield code="b">Gustav von</subfield>
    <subfield code="f">1895-1975</subfield>
  </datafield>
  <datafield tag="300" ind1=" " ind2=" ">
    <subfield code="a">Acteur, scénariste, auteur dramatique, réalisateur</subfield>
  </datafield>
  <datafield tag="301" ind1=" " ind2=" ">
    <subfield code="a">Wiesbaden (Allemagne)</subfield>
    <subfield code="b">Berlin-Est</subfield>
  </datafield>
  <datafield tag="801" ind1=" " ind2=" ">
    <subfield code="a">FR</subfield>
    <subfield code="b">FR-751131015</subfield>
    <subfield code="c">20200821</subfield>
  </datafield>
  <datafield tag="810" ind1=" " ind2=" ">
    <subfield code="a">Nosferatu [Images animées] / F. W. Murnau, réal. ; Gustav von Wangenheim, act. &quot;Le Monde&quot;, 2006</subfield>
  </datafield>
  <datafield tag="810" ind1=" " ind2=" ">
    <subfield code="a">Bibliothèque nationale, Allemagne - https://portal.dnb.de/opac.htm?method=simpleSearch&amp;cqlMode=true&amp;query=nid%3D117137154</subfield>
    <subfield code="a">IMDB - http://www.us.imdb.com/name/nm0903194 (2006-12-14)</subfield>
  </datafield>
  <datafield tag="810" ind1=" " ind2=" ">
    <subfield code="a">BN Cat. gén.</subfield>
  </datafield>
  <datafield tag="856" ind1=" " ind2=" ">
    <subfield code="u">https://portal.dnb.de/opac.htm?method=simpleSearch&amp;cqlMode=true&amp;query=nid%3D117137154</subfield>
    <subfield code="u">http://www.us.imdb.com/name/nm0903194/</subfield>
    <subfield code="e">2006-12-14</subfield>
  </datafield>
</record>