
<record format="UNIMARC" type="Authority">
  <leader>00587cx  b2200205   4500</leader>
  <controlfield tag="001">FRBNF142777914</controlfield>
  <controlfield tag="003">http://catalogue.bnf.fr/ark:/12148/cb142777918</controlfield>
  <controlfield tag="005">20140320</controlfield>
  <datafield tag="100" ind1=" " ind2=" ">
    <subfield code="a">20030310afrey50      ba0</subfield>
  </datafield>
  <datafield tag="102" ind1=" " ind2=" ">
    <subfield code="a">US</subfield>
  </datafield>
  <datafield tag="103" ind1=" " ind2=" ">
    <subfield code="a"> 1987</subfield>
  </datafield>
  <datafield tag="105" ind1=" " ind2=" ">
    <subfield code="c">p</subfield>
    <subfield code="c">a</subfield>
    <subfield code="c">s</subfield>
  </datafield>
  <datafield tag="106" ind1=" " ind2=" ">
    <subfield code="a">1</subfield>
  </datafield>
  <datafield tag="150" ind1=" " ind2=" ">
    <subfield code="a">y</subfield>
    <subfield code="b">c9</subfield>
  </datafield>
  <datafield tag="152" ind1=" " ind2=" ">
    <subfield code="c">2</subfield>
  </datafield>
  <datafield tag="210" ind1=" " ind2=" ">
    <subfield code="7">ba0yba0y</subfield>
    <subfield code="8">fre   </subfield>
    <subfield code="9">20 </subfield>
    <subfield code="a">Castle Rock Entertainment</subfield>
  </datafield>
  <datafield tag="300" ind1="0" ind2=" ">
    <subfield code="a">Producteur de films rattachée à Warner Bros. Entertainment en 1996</subfield>
  </datafield>
  <datafield tag="801" ind1=" " ind2=" ">
    <subfield code="a">FR</subfield>
    <subfield code="b">FR-751131015</subfield>
    <subfield code="c">20140320</subfield>
  </datafield>
  <datafield tag="810" ind1=" " ind2=" ">
    <subfield code="a">http://www.imdb.com (2014-03-20)</subfield>
  </datafield>
  <datafield tag="856" ind1=" " ind2=" ">
    <subfield code="u">http://www.imdb.com</subfield>
    <subfield code="e">2014-03-20</subfield>
  </datafield>
</record>