
<record format="UNIMARC" type="Authority">
  <leader>00760cx  a2200229   4500</leader>
  <controlfield tag="001">FRBNF146279804</controlfield>
  <controlfield tag="003">http://catalogue.bnf.fr/ark:/12148/cb14627980t</controlfield>
  <controlfield tag="005">20130628</controlfield>
  <datafield tag="010" ind1=" " ind2=" ">
    <subfield code="a">0000000003054515</subfield>
    <subfield code="2">ISNI</subfield>
    <subfield code="d">20150312</subfield>
  </datafield>
  <datafield tag="100" ind1=" " ind2=" ">
    <subfield code="a">20050512afrey50      ba0</subfield>
  </datafield>
  <datafield tag="102" ind1=" " ind2=" ">
    <subfield code="a">FR</subfield>
  </datafield>
  <datafield tag="103" ind1=" " ind2=" ">
    <subfield code="a"> 1964</subfield>
  </datafield>
  <datafield tag="105" ind1=" " ind2=" ">
    <subfield code="a">a</subfield>
    <subfield code="a">p</subfield>
  </datafield>
  <datafield tag="106" ind1=" " ind2=" ">
    <subfield code="a">1</subfield>
  </datafield>
  <datafield tag="120" ind1=" " ind2=" ">
    <subfield code="a">b</subfield>
  </datafield>
  <datafield tag="200" ind1=" " ind2=" ">
    <subfield code="7">ba0yba0y</subfield>
    <subfield code="8">fre   </subfield>
    <subfield code="9"> 0 </subfield>
    <subfield code="a">Recio</subfield>
    <subfield code="b">Lorenzo</subfield>
    <subfield code="f">1964-....</subfield>
  </datafield>
  <datafield tag="300" ind1="0" ind2=" ">
    <subfield code="a">Cinéaste</subfield>
  </datafield>
  <datafield tag="400" ind1=" " ind2=" ">
    <subfield code="7">ba0yba0y</subfield>
    <subfield code="8">fre   </subfield>
    <subfield code="a">Recio</subfield>
    <subfield code="b">Laurent</subfield>
    <subfield code="f">1964-....</subfield>
  </datafield>
  <datafield tag="530" ind1=" " ind2=" ">
    <subfield code="5">z</subfield>
    <subfield code="0">Réalisateur de : </subfield>
    <subfield code="3">16652759</subfield>
    <subfield code="a">Lisa (film)</subfield>
  </datafield>
  <datafield tag="530" ind1=" " ind2=" ">
    <subfield code="5">z</subfield>
    <subfield code="0">Réalisateur de : </subfield>
    <subfield code="3">15542567</subfield>
    <subfield code="a">Le bal du Minotaure (film)</subfield>
  </datafield>
  <datafield tag="801" ind1=" " ind2=" ">
    <subfield code="a">FR</subfield>
    <subfield code="b">FR-751131015</subfield>
    <subfield code="c">20130628</subfield>
  </datafield>
  <datafield tag="810" ind1=" " ind2=" ">
    <subfield code="a">L&apos;infante, l&apos;âne et l&apos;architecte [Images animées] / Lorenzo Recio, réal. Scéren, [2005]</subfield>
  </datafield>
</record>