
<record format="UNIMARC" type="Authority">
  <leader>00833cx  a2200217   4500</leader>
  <controlfield tag="001">FRBNF146547202</controlfield>
  <controlfield tag="003">http://catalogue.bnf.fr/ark:/12148/cb146547209</controlfield>
  <controlfield tag="005">20211019</controlfield>
  <datafield tag="010" ind1=" " ind2=" ">
    <subfield code="a">0000000001316489</subfield>
    <subfield code="2">ISNI</subfield>
    <subfield code="d">20150312</subfield>
  </datafield>
  <datafield tag="100" ind1=" " ind2=" ">
    <subfield code="a">20000420afrey50      ba0</subfield>
  </datafield>
  <datafield tag="101" ind1=" " ind2=" ">
    <subfield code="a">fre</subfield>
  </datafield>
  <datafield tag="102" ind1=" " ind2=" ">
    <subfield code="a">FR</subfield>
  </datafield>
  <datafield tag="103" ind1=" " ind2=" ">
    <subfield code="a"> 1950</subfield>
  </datafield>
  <datafield tag="105" ind1=" " ind2=" ">
    <subfield code="a">a</subfield>
    <subfield code="a">c</subfield>
  </datafield>
  <datafield tag="106" ind1=" " ind2=" ">
    <subfield code="a">1</subfield>
  </datafield>
  <datafield tag="120" ind1=" " ind2=" ">
    <subfield code="a">a</subfield>
  </datafield>
  <datafield tag="200" ind1=" " ind2=" ">
    <subfield code="7">ba0yba0y</subfield>
    <subfield code="8">fre   </subfield>
    <subfield code="9"> 0 </subfield>
    <subfield code="a">Bruguière</subfield>
    <subfield code="b">Dominique</subfield>
    <subfield code="f">1950-....</subfield>
  </datafield>
  <datafield tag="300" ind1="0" ind2=" ">
    <subfield code="a">Éclairagiste, conceptrice de lumières</subfield>
  </datafield>
  <datafield tag="801" ind1=" " ind2=" ">
    <subfield code="a">FR</subfield>
    <subfield code="b">FR-751131015</subfield>
    <subfield code="c">20211019</subfield>
  </datafield>
  <datafield tag="810" ind1=" " ind2=" ">
    <subfield code="a">L&apos;éveil du printemps [Spectacle] / mise en scène d&apos;Yves Beaunesne ; lumières de Dominique Bruguière. - Paris : Théâtre de la ville, 1998</subfield>
    <subfield code="a">Penser la lumière / Dominique Bruguière ; en collaboration avec Chantal Hurault, DL 2017</subfield>
  </datafield>
  <datafield tag="810" ind1=" " ind2=" ">
    <subfield code="a">Actualité de la scénographie, n° 62, février 1993</subfield>
  </datafield>
</record>