
<record format="UNIMARC" type="Authority">
  <leader>00657cx  a2200193   4500</leader>
  <controlfield tag="001">FRBNF146717081</controlfield>
  <controlfield tag="003">http://catalogue.bnf.fr/ark:/12148/cb146717084</controlfield>
  <controlfield tag="005">20120607</controlfield>
  <datafield tag="010" ind1=" " ind2=" ">
    <subfield code="a">0000000375032421</subfield>
    <subfield code="2">VIAF</subfield>
    <subfield code="d">20130802</subfield>
  </datafield>
  <datafield tag="100" ind1=" " ind2=" ">
    <subfield code="a">20050825afrey50      ba0</subfield>
  </datafield>
  <datafield tag="102" ind1=" " ind2=" ">
    <subfield code="a">FR</subfield>
  </datafield>
  <datafield tag="103" ind1=" " ind2=" ">
    <subfield code="a"> 1963</subfield>
  </datafield>
  <datafield tag="105" ind1=" " ind2=" ">
    <subfield code="a">c</subfield>
    <subfield code="a">a</subfield>
  </datafield>
  <datafield tag="106" ind1=" " ind2=" ">
    <subfield code="a">1</subfield>
  </datafield>
  <datafield tag="120" ind1=" " ind2=" ">
    <subfield code="a">b</subfield>
  </datafield>
  <datafield tag="200" ind1=" " ind2=" ">
    <subfield code="7">ba0yba0y</subfield>
    <subfield code="8">fre   </subfield>
    <subfield code="9"> 0 </subfield>
    <subfield code="a">Bériot</subfield>
    <subfield code="b">Olivier</subfield>
    <subfield code="f">1963-....</subfield>
  </datafield>
  <datafield tag="300" ind1="0" ind2=" ">
    <subfield code="a">Costumier</subfield>
  </datafield>
  <datafield tag="801" ind1=" " ind2=" ">
    <subfield code="a">FR</subfield>
    <subfield code="b">FR-751131015</subfield>
    <subfield code="c">20120607</subfield>
  </datafield>
  <datafield tag="810" ind1=" " ind2=" ">
    <subfield code="a">Caligula : ballet en cinq actes, argument de Nicolas Le Riche et Guillaume Gallienne : Ballet de l&apos;Opéra, [chorégraphie de] Nicolas Le Riche : [programme], Palais Garnier, mars 2008</subfield>
  </datafield>
</record>