
<record format="UNIMARC" type="Authority">
  <leader>01100cx  a2200289   4500</leader>
  <controlfield tag="001">FRBNF151065289</controlfield>
  <controlfield tag="003">http://catalogue.bnf.fr/ark:/12148/cb151065287</controlfield>
  <controlfield tag="005">20130823</controlfield>
  <datafield tag="010" ind1=" " ind2=" ">
    <subfield code="a">0000000120371616</subfield>
    <subfield code="2">VIAF</subfield>
    <subfield code="d">20130805</subfield>
  </datafield>
  <datafield tag="039" ind1=" " ind2=" ">
    <subfield code="o">OPP</subfield>
    <subfield code="a">14704458</subfield>
    <subfield code="d">20070326</subfield>
  </datafield>
  <datafield tag="100" ind1=" " ind2=" ">
    <subfield code="a">20061024afrey50      ba0</subfield>
  </datafield>
  <datafield tag="101" ind1=" " ind2=" ">
    <subfield code="a">ger</subfield>
  </datafield>
  <datafield tag="102" ind1=" " ind2=" ">
    <subfield code="a">DE</subfield>
  </datafield>
  <datafield tag="103" ind1=" " ind2=" ">
    <subfield code="a"> 18741211  19480913</subfield>
  </datafield>
  <datafield tag="105" ind1=" " ind2=" ">
    <subfield code="a">a</subfield>
    <subfield code="a">i</subfield>
  </datafield>
  <datafield tag="106" ind1=" " ind2=" ">
    <subfield code="a">010</subfield>
  </datafield>
  <datafield tag="120" ind1=" " ind2=" ">
    <subfield code="a">b</subfield>
  </datafield>
  <datafield tag="152" ind1=" " ind2=" ">
    <subfield code="c">2</subfield>
  </datafield>
  <datafield tag="200" ind1=" " ind2=" ">
    <subfield code="7">ba0yba0y</subfield>
    <subfield code="8">fre   </subfield>
    <subfield code="9"> 0 </subfield>
    <subfield code="a">Wegener</subfield>
    <subfield code="b">Paul</subfield>
    <subfield code="f">1874-1948</subfield>
  </datafield>
  <datafield tag="300" ind1=" " ind2=" ">
    <subfield code="a">Cinéaste, producteur et acteur</subfield>
  </datafield>
  <datafield tag="530" ind1=" " ind2=" ">
    <subfield code="5">z</subfield>
    <subfield code="0">Réalisateur de : </subfield>
    <subfield code="3">14665558</subfield>
    <subfield code="a">Unter Ausschluss der Öffentlichkeit (film ; 1937)</subfield>
  </datafield>
  <datafield tag="530" ind1=" " ind2=" ">
    <subfield code="5">z</subfield>
    <subfield code="0">Réalisateur de : </subfield>
    <subfield code="3">15106532</subfield>
    <subfield code="a">Der Golem wie er in die Welt kam (film)</subfield>
  </datafield>
  <datafield tag="686" ind1=" " ind2=" ">
    <subfield code="a">791</subfield>
    <subfield code="c">Audiovisuel</subfield>
    <subfield code="2">Note de regroupement par domaine</subfield>
  </datafield>
  <datafield tag="801" ind1=" " ind2=" ">
    <subfield code="a">FR</subfield>
    <subfield code="b">FR-751131015</subfield>
    <subfield code="c">20130823</subfield>
  </datafield>
  <datafield tag="810" ind1=" " ind2=" ">
    <subfield code="a">Der Golem, wie er in die Welt kam [Images animées] / Paul Wegener, réal., scénario, [2006]</subfield>
  </datafield>
  <datafield tag="810" ind1=" " ind2=" ">
    <subfield code="a">IMDb - http://www.imdb.com/name/nm0917467/?ref_=tt_cl_t5 (2013-08-23)</subfield>
  </datafield>
  <datafield tag="856" ind1=" " ind2=" ">
    <subfield code="u">http://www.imdb.com/name/nm0917467/?ref_=tt_cl_t5</subfield>
    <subfield code="e">2013-08-23</subfield>
  </datafield>
</record>