
<record format="UNIMARC" type="Authority">
  <leader>00943cx  a2200241   4500</leader>
  <controlfield tag="001">FRBNF167184042</controlfield>
  <controlfield tag="003">http://catalogue.bnf.fr/ark:/12148/cb16718404t</controlfield>
  <controlfield tag="005">20141008</controlfield>
  <datafield tag="010" ind1=" " ind2=" ">
    <subfield code="a">0000000419901570</subfield>
    <subfield code="2">ISNI</subfield>
    <subfield code="d">20150313</subfield>
  </datafield>
  <datafield tag="100" ind1=" " ind2=" ">
    <subfield code="a">20131023afrey50      ba0</subfield>
  </datafield>
  <datafield tag="101" ind1=" " ind2=" ">
    <subfield code="a">fre</subfield>
  </datafield>
  <datafield tag="102" ind1=" " ind2=" ">
    <subfield code="a">FR</subfield>
  </datafield>
  <datafield tag="103" ind1=" " ind2=" ">
    <subfield code="a"> 1963</subfield>
  </datafield>
  <datafield tag="105" ind1=" " ind2=" ">
    <subfield code="a">a</subfield>
  </datafield>
  <datafield tag="106" ind1=" " ind2=" ">
    <subfield code="a">1</subfield>
  </datafield>
  <datafield tag="120" ind1=" " ind2=" ">
    <subfield code="a">a</subfield>
  </datafield>
  <datafield tag="200" ind1=" " ind2=" ">
    <subfield code="7">ba0yba0y</subfield>
    <subfield code="8">fre   </subfield>
    <subfield code="9"> 0 </subfield>
    <subfield code="a">Ziane-Bruneel</subfield>
    <subfield code="b">Nadia</subfield>
    <subfield code="f">1963-....</subfield>
  </datafield>
  <datafield tag="300" ind1="0" ind2=" ">
    <subfield code="a">Professeur de lettres</subfield>
  </datafield>
  <datafield tag="400" ind1=" " ind2=" ">
    <subfield code="7">ba0yba0y</subfield>
    <subfield code="8">fre   </subfield>
    <subfield code="a">Bruneel</subfield>
    <subfield code="b">Nadia Ziane-</subfield>
    <subfield code="f">1963-....</subfield>
  </datafield>
  <datafield tag="400" ind1=" " ind2=" ">
    <subfield code="7">ba0yba0y</subfield>
    <subfield code="8">fre   </subfield>
    <subfield code="a">Bruneel-Ziane</subfield>
    <subfield code="b">Nadia</subfield>
    <subfield code="f">1963-....</subfield>
  </datafield>
  <datafield tag="400" ind1=" " ind2=" ">
    <subfield code="7">ba0yba0y</subfield>
    <subfield code="8">fre   </subfield>
    <subfield code="a">Ziane</subfield>
    <subfield code="b">Nadia Bruneel-</subfield>
    <subfield code="f">1963-....</subfield>
  </datafield>
  <datafield tag="801" ind1=" " ind2=" ">
    <subfield code="a">FR</subfield>
    <subfield code="b">FR-751131015</subfield>
    <subfield code="c">20141008</subfield>
  </datafield>
  <datafield tag="810" ind1=" " ind2=" ">
    <subfield code="a">Salam Ouessant / Azouz Begag ; présentation, notes, questions et après-texte établis par Nadia Ziane-Bruneel,..., impr. 2013</subfield>
    <subfield code="a">Dracula / Bram Stoker ; choix des extraits et appareil pédagogique par Nadia Bruneel-Ziane,..., impr. 2014</subfield>
  </datafield>
</record>