
<record format="UNIMARC" type="Authority">
  <leader>01036nx  a2200229   4500</leader>
  <controlfield tag="001">FRBNF17068333X</controlfield>
  <controlfield tag="003">http://catalogue.bnf.fr/ark:/12148/cb170683333</controlfield>
  <datafield tag="010" ind1=" " ind2=" ">
    <subfield code="a">0000000459704205</subfield>
    <subfield code="2">ISNI</subfield>
    <subfield code="d">20170202</subfield>
  </datafield>
  <datafield tag="100" ind1=" " ind2=" ">
    <subfield code="a">20160825afrey50      ba0</subfield>
  </datafield>
  <datafield tag="102" ind1=" " ind2=" ">
    <subfield code="a">XX</subfield>
  </datafield>
  <datafield tag="103" ind1=" " ind2=" ">
    <subfield code="a"> 19..</subfield>
  </datafield>
  <datafield tag="105" ind1=" " ind2=" ">
    <subfield code="a">a</subfield>
  </datafield>
  <datafield tag="106" ind1=" " ind2=" ">
    <subfield code="a">1</subfield>
  </datafield>
  <datafield tag="120" ind1=" " ind2=" ">
    <subfield code="a">b</subfield>
  </datafield>
  <datafield tag="152" ind1=" " ind2=" ">
    <subfield code="c">1</subfield>
  </datafield>
  <datafield tag="200" ind1=" " ind2=" ">
    <subfield code="7">ba0yba0y</subfield>
    <subfield code="8">fre   </subfield>
    <subfield code="9"> 0 </subfield>
    <subfield code="a">Montmayeur</subfield>
    <subfield code="b">Yves</subfield>
  </datafield>
  <datafield tag="300" ind1="0" ind2=" ">
    <subfield code="a">Réalisateur</subfield>
  </datafield>
  <datafield tag="801" ind1=" " ind2=" ">
    <subfield code="a">FR</subfield>
    <subfield code="b">FR-751131015</subfield>
    <subfield code="c">20160825</subfield>
  </datafield>
  <datafield tag="810" ind1=" " ind2=" ">
    <subfield code="a">The 1000 eyes of Dr Maddin / Yves Montmayeur, réal. In : The forbidden room [Images animées] / Guy Maddin, réal., scénario, comp. ; Evan Johnson, réal. ; Robert Kotyk, scénario ; Galen Johnson, Jason Staczek, comp. ; Roy Dupuis, Mathieu Amalric, Maria de Medeiros... [et al.], act.. - Paris : ED distribution [éd.] ; Vendoeuvres : Arcadès [distrib.], 2016.</subfield>
  </datafield>
  <datafield tag="810" ind1=" " ind2=" ">
    <subfield code="a">IMDB - http://www.imdb.com/name/nm1550829 (2016-08-25)</subfield>
  </datafield>
  <datafield tag="856" ind1=" " ind2=" ">
    <subfield code="u">http://www.yvesmontmayeur.com/03/biographie.html</subfield>
    <subfield code="e">2016-08-25</subfield>
  </datafield>
  <datafield tag="856" ind1=" " ind2=" ">
    <subfield code="u">http://www.imdb.com/name/nm1550829/</subfield>
    <subfield code="e">2016-08-25</subfield>
  </datafield>
</record>
</collection>
